2860 3631
1237 111 1437 161 ..⁴19
1525 140 1581 150 .-

160 251 291 311 ᾠοιιι
317 243 447 306 paulo
475 255 606 305 supra
635 243 939 305 praecederent
967 260 1030 289 vv.
1062 243 1181 303 παρὰ
1210 244 1297 304 νηί,
1340 248 1558 303 praeterea
1597 241 1869 289 scribendum
1901 244 2031 289 l'uisse
2062 244 2109 287 ἐν
2138 245 2280 304 κλισίῃ.
2342 246 2496 289 Cetera
2526 258 2638 305 quae

160 315 301 363 ‘affl-tf
309 315 552 374 menreb,
584 320 684 358 sunt
702 313 821 358 enim
835 314 1012 373 repetita
1040 327 1094 359 ex
1124 313 1354 358 aoethetica
1383 312 1569 374 mihique
1598 311 1652 356 de
1683 313 1735 357 iis
1764 311 1884 357 aliter
1912 313 2181 358 sentiendum
2202 329 2298 359 esse
2328 313 2506 368 videtur,
2529 313 2641 359 velut

157 387 232 430 W
244 384 489 442 416-421
531 379 695 443 'idcirco
735 384 836 427 iesse
865 383 1129 437 eiiciendcs,
1175 382 1279 445 quia
1321 396 1406 426 non
1451 381 1692 426 conveniret
1731 381 1772 425 h.
1806 382 1834 425 l.
1879 396 2215 427 commemorare
2245 381 2436 428 flecteris
2478 398 2637 444 corpus

158 457 251 498 lain
273 450 457 527 turpiter
483 462 581 495 esse
610 453 857 507 tractatum,
886 466 974 512 qua
1002 466 1049 496 re
1080 451 1236 496 Priami
1266 449 1458 495 dolorem
1488 451 1615 494 etiam
1645 452 1809 509 augeri.
1869 450 1973 494 Illud
2004 451 2135 494 miror
2163 451 2281 511 quod
2309 451 2540 497 offenditur
2567 466 2634 497 vv.

163 523 224 567 ἐν
231 510 449 580 ὶλισίῃσί,
487 533 597 594 quae
625 524 721 565 tam
741 523 873 582 saepe
906 519 962 566 de
991 535 1076 565 uno
1115 528 1372 580 usurpantur
1406 520 1610 573 tentorio,
1660 527 1706 563 ut
1743 520 1834 564 eius
1873 520 1933 564 rei
1970 519 2164 580 colligam
2191 519 2386 580 exempla
2425 521 2494 565 vix
2524 534 2636 582 epus

160 580 489 665 edevideatur.
531 589 603 633 ³cf.
634 589 818 636 3227
838 593 947 644 778,
978 590 1153 644 11313,
1180 589 1336 642 1263,
1365 589 1471 642 Δ7.
1502 592 1607 643 834,
1635 588 1878 635 M1atibi.

366 660 454 704 446
484 672 581 718 sqq.
639 658 899 718 Saepissime
938 659 981 702 in
1017 657 1144 702 Iliade
1188 658 1367 702 tentoria
1403 657 1644 718 principum
1681 657 1932 702 Achivorum
1978 664 2384 709 commemorantur,
2424 672 2634 719 nusquam

164 731 305 771 autem
334 723 632 771 describuntur
658 726 918 781 accuratius,
948 741 1158 788 nusquam
1186 726 1275 771 fere
1304 724 1462 770 habent
1489 724 1702 786 epitheton
1734 732 1782 770 ut
1811 729 1898 773 449
1923 727 2118 787 (κλισίην)
2148 727 2324 786 ὑψηλήν.
2346 728 2395 779 ),
2425 741 2635 787 nusquam

161 794 318 841 mentis
346 793 394 839 fit
424 794 565 850 aulae,
615 809 723 857 quae
760 796 869 856 palis
898 796 1040 841 multis
1069 795 1110 841 h.
1140 795 1166 839 l.
1205 793 1464 840 circumdata
1501 811 1598 840 esse
1636 794 1820 851 videtur,
1849 811 2057 857 nusquam
2089 795 2265 854 ἐπιβλὴς·
2293 796 2507 849 εἰλάτινος,
2546 808 2633 855 quo

164 864 283 910 aulae
313 870 437 925 porta
466 863 692 921 clauditur,
733 865 952 911 invenitur.
1013 866 1163 911 Nonne
1200 871 1377 926 apparet
1415 865 1693 926 antiquiorem
1729 864 1958 927 quemlibet
1999 871 2166 925 poetam
2198 865 2363 909 Achillis
2407 865 2634 908 tentorium

160 933 399 995 accuratius
427 932 737 994 descripturum
767 950 852 979 non
882 935 1042 978 fuisse?
1071 933 1191 978 Adde
1219 933 1336 996 quod
1367 934 1411 977 in
1441 933 1569 978 lliade
1589 935 1685 994 plus
1705 935 1838 978 semel
1868 934 1934 977 alii
1964 951 2132 995 quoque
2149 934 2292 978 Achivi
2322 934 2521 978 Achillem
2553 932 2628 977 ad·

165 1008 279 1055 eunt,
309 1015 547 1063 praecones
578 1004 620 1048 in
651 1003 713 1047 rb.
744 1006 801 1056 A,
831 1004 957 1062 legati
987 1003 1083 1047 illi
1071 1019 1114 1048 ιιι
1144 1002 1206 1048 ι·1ι.
1236 1003 1280 1060 Ι,
1311 1003 1530 1048 Patroclus
1559 1018 1729 1065 quoque
1759 1003 1800 1046 in
1832 1002 1997 1048 Achillis
2033 1004 2257 1048 tentorium
2294 1003 2420 1047 intrat
2460 1003 2551 1047 sine
2583 1017 2634 1047 ea

162 1072 425 1124 difficultate,
478 1088 607 1133 quam
639 1073 753 1117 illum
784 1073 1006 1132 ἐπιβλῆτα,
1057 1089 1185 1135 quem
1214 1081 1301 1117 tres
1331 1074 1522 1117 homines
1560 1073 1629 1116 vix
1659 1088 1875 1116 removere
1906 1089 2031 1131 posse
2062 1074 2200 1132 fingit,
2250 1073 2301 1117 iis
2342 1071 2634 1131 praebiturum

163 1139 296 1185 fuisse
325 1146 653 1185 consentaneum
683 1148 760 1188 est.

368 1209 420 1256 H.
450 1209 686 1255 Duntzerus
707 1218 753 1255 ut
782 1225 929 1256 omnes
960 1210 1167 1264 maculas,
1200 1225 1310 1269 quae
1335 1209 1377 1255 in
1401 1208 1480 1255 hac
1506 1210 1569 1255 rh.
1592 1209 1730 1255 inesse
1758 1208 2009 1265 viderentur,
2041 1210 2280 1270 detergeret
2302 1213 2471 1271 (omnes
2491 1218 2633 1254 autem

160 1276 271 1321 nullo
303 1275 430 1322 modo
461 1276 679 1337 detergere
709 1279 894 1339 poterat)
935 1295 999 1323 vv.
1030 1280 1201 1325 464—7
1239 1276 1439 1322 delendos
1481 1292 1576 1322 esse
1612 1283 1758 1321 censet
1786 1279 1854 1335 ”).
1916 1281 2010 1332 Qua
2054 1279 2096 1321 in
2141 1294 2186 1322 re
2230 1293 2314 1322 non
2357 1278 2521 1322 videtur
2564 1281 2627 1322 vi·

164 1345 278 1388 disse
307 1345 566 1406 respondere
596 1347 704 1390 inter
733 1363 780 1391 se
810 1365 846 1392 v,
876 1351 961 1393 462
992 1347 1172 1407 ἀλλ’ἦτοι
1203 1347 1285 1403 μὲν
1327 1346 1439 1402 ἐγὼν
1476 1347 1595 1390 πάλιν
1633 1345 1797 1402 εἴσομαι
1833 1355 1875 1390 et
1910 1363 1949 1391 v.
1989 1350 2074 1394 465
2113 1346 2213 1406 τύνη
2252 1346 2493 1391 δἐἷσελῦὼν
2522 1347 2631 1404 λαβὲ

163 1412 350 1471 γούνατα
377 1413 634 1476 Πηλείωνος.
694 1415 955 1460 Admonetur
983 1416 1023 1459 h.
1055 1416 1081 1459 1.
1114 1430 1138 1459 a
1167 1415 1374 1460 Mercurio
1406 1415 1619 1467 Priamus,
1664 1423 1710 1475 ut
1739 1414 1972 1458 obtestetur
2001 1414 2198 1458 Achillem
2237 1431 2314 1474 per
2350 1423 2511 1475 patrem
2553 1431 2631 1475 per

162 1488 341 1525 matrem
380 1499 540 1543 perque
579 1485 732 1535 filium,
779 1486 821 1526 id
860 1486 974 1544 quod
1010 1486 1222 1537 Priamus,
1265 1486 1338 1543 qui
1373 1485 1505 1543 patris
1541 1490 1704 1526 tantum
1741 1483 1940 1527 Achillem
1979 1483 2220 1536 admonuit,
2262 1484 2401 1528 facere
2439 1483 2627 1542 negligit.

161 1552 292 1595 Porro
323 1553 363 1595 h.
396 1553 420 1595 l.
453 1554 562 1597 filius
593 1554 765 1598 Achillis
794 1562 1168 1608 commemoratur,
1216 1553 1337 1598 cuius
1367 1551 1607 1598 necessario
1641 1551 1876 1598 Duntzerus
1916 1550 2132 1599 contendit
2162 1550 2362 1599 Achillem
2394 1551 2522 1599 luisse
2554 1551 2629 1599 ad·

162 1619 442 1676 monendum,
489 1622 525 1666 si
556 1621 726 1682 quidem
757 1629 881 1682 poeta
912 1622 1055 1668 Achilli
1086 1639 1181 1668 esse
1212 1621 1341 1667 filium
1371 1621 1596 1667 statuisset.
1660 1619 1814 1667 Montio
1860 1620 1905 1665 fit
1934 1621 2006 1667 filii
2051 1622 2175 1667 etiam
2208 1621 2288 1667 alio
2319 1620 2505 1684 quodam
2536 1621 2631 1667 loco

171 1690 206 1733 T
226 1693 313 1736 326
342 1707 445 1750 sqq,
475 1690 801 1751 quem‘quidem
842 1693 980 1737 locum
1012 1693 1247 1738 Duntzerus
1288 1706 1373 1737 non
1410 1691 1500 1737 sine
1530 1690 1641 1736 iusta
1671 1705 1800 1736 causa
1830 1690 1872 1735 in
1902 1691 2186 1751 suspicionem
2216 1697 2351 1736 vocat.
2413 1691 2630 1752 Nusquam

162 1759 274 1803 enim
305 1767 660 1805 commemoratur
697 1761 762 1806 ille
793 1761 900 1807 filius
931 1768 973 1807 et
1001 1761 1170 1821 saepius
1200 1767 1366 1821 poterat
1394 1759 1504 1816 fieri,
1541 1759 1670 1805 immo
1700 1775 1802 1805 vero
1832 1776 1885 1805 ex
1915 1759 2169 1822 quibusdam
2201 1760 2302 1805 locis
2333 1768 2480 1805 contra
2513 1766 2630 1821 pote·

163 1828 296 1874 rimus
326 1829 534 1875 coniicere
564 1829 761 1875 Achillem
802 1830 987 1876 nondum
1019 1830 1233 1876 mulierem
1272 1828 1456 1875 duxisse.
1518 1828 1637 1874 Velut
1687 1829 1729 1873 in
1767 1829 1829 1873 rh.
1861 1831 1875 1873 1
1917 1846 1964 1874 se
2005 1830 2151 1874 Achilli
2190 1830 2314 1874 filiam
2354 1846 2452 1874 cum
2492 1831 2632 1874 multis

167 1895 292 1942 donis
322 1898 362 1942 in
394 1899 709 1943 matrimonium
741 1914 836 1944 esse
862 1899 1073 1959 daturum*
1087 1899 1310 1960 promittit,
1329 1900 1456 1960 quam
1488 1897 1660 1959 quidem
1690 1898 1973 1942 conditionem
1995 1899 2057 1942 ille
2088 1899 2291 1960 repudiat.
2339 1902 2393 1943 At
2422 1900 2494 1959 qui
2525 1900 2632 1941 hanc

163 1966 204 2010 ei
233 1966 516 2010 conditionem
548 1973 713 2027 poterat
743 1970 895 2011 offerre
927 1983 1118 2012 summus
1148 1969 1217 2011 ille
1249 1969 1505 2010 Graecorum
1536 1966 1645 2020 dux,
1693 1968 1729 2009 si
1760 1968 1939 2011 Achilles
1970 1968 2052 2010 iam
2083 1968 2191 2011 iusto
2222 1969 2490 2011 matrimonio
2534 1982 2633 2010 cum

168 2034 249 2078 alia
278 2035 450 2079 muliere
480 2037 627 2080 fuisset
655 2038 933 2082 coniunctus?
991 2043 1124 2098 Atque
1154 2036 1344 2081 Patroclo
1374 2036 1516 2080 occiso
1548 2036 1739 2093 queritur
1768 2035 1923 2080 Briseis
1958 2036 2010 2079 de
2040 2052 2144 2081 nece
2176 2035 2354 2081 Patrocli
2384 2037 2456 2096 qui
2480 2034 2632 2094 μ’ἔφα·

171 2117 273 2150 m<
293 2101 504 2163 Ἀχιλλῆος
531 2104 665 2148 θείοιο
680 2106 695 2163 ΙΙ
716 2105 930 2165 κουριδίην
959 2105 1107 2164 θήσειν
1139 2105 1315 2165 ἄλοχον,
1346 2104 1461 2154 ἄξειν
1495 2104 1590 2147 τ’ἐνὶ
1620 2106 1763 2164 νηυσίν
1781 2106 1794 2163 ΙΙ
1827 2104 1875 2152 ἐς
1906 2104 2058 2164 Φθίην,
2096 2105 2254 2148 δαίσειν
2286 2121 2332 2148 τε
2361 2106 2495 2162 γάμον
2521 2104 2634 2162 μετὰ

167 2172 508 2230 Μυρμιδόνεσσιν
539 2174 601 2232 (T
621 2176 828 2234 297-9).
887 2174 1015 2218 Aliter
1044 2189 1113 2218 res
1143 2190 1189 2218 se
1218 2171 1375 2218 habere
1405 2171 1570 2218 videtur
1599 2173 1642 2217 in
1672 2172 1883 2231 Odyssea,
1919 2189 2046 2234 quam
2082 2174 2155 2234 qui
2186 2174 2438 2233 pepigerunt
2466 2172 2632 2217 Achillis

161 2241 316 2297 filium,
349 2256 374 2286 a
405 2242 573 2301 cyclicis
604 2243 752 2301 postea
782 2245 958 2287 summis
990 2242 1183 2287 laudibus
1213 2249 1406 2287 ornatum
1436 2249 1639 2286 noverunt
1671 2243 1718 2300 (r
1748 2245 1853 2294 189,
1888 2242 1916 2284 δ
1942 2246 2072 2295 5-9,
2101 2243 2125 2285 λ
2153 2245 2238 2288 492
2270 2258 2380 2303 sqq„
2410 2246 2495 2289 509
2516 2241 2628 2303 sqq.)

164 2307 307 2367 ibique
345 2311 428 2354 iam
466 2309 623 2370 Scyrus
667 2311 801 2355 insula
845 2319 1220 2366 commemoratur,
1271 2310 1384 2355 unde
1421 2310 1579 2357 Achille
1618 2317 1783 2355 mortuo
1823 2311 1964 2356 Ulixes
2004 2311 2319 2367 Neoptolemum
2357 2312 2631 2357 arcessivisse

165 2375 422 2437 perhibetur.
469 2378 634 2435 Quibus
662 2377 789 2425 rebus
820 2378 927 2426 bene
957 2379 1174 2425 intellectis
1203 2380 1460 2434 Dfintzerus,
1490 2380 1563 2440 qui
1597 2380 1738 2424 omnia
1767 2394 1876 2440 quae
1907 2381 2153 2440 posterioris
2182 2395 2279 2425 esse
2309 2381 2460 2425 aetatis
2489 2380 2631 2425 viden·

164 2454 235 2491 tur
263 2448 395 2502 eiicit,
445 2447 523 2493 hos
552 2464 722 2511 quoque
750 2466 900 2495 versus
929 2448 1129 2495 delendos
1159 2465 1253 2494 esse
1283 2449 1459 2494 censuit.
1525 2449 1619 2501 Qua
1649 2448 1701 2493 de
1732 2465 1778 2494 re
1810 2464 1877 2494 me
1917 2449 2036 2493 aliter
2066 2448 2252 2494 iudicare
2290 2449 2373 2493 iam
2405 2448 2632 2494 identidem

165 2511 282 2561 dixi.·
325 2516 417 2561 Non
446 2516 625 2562 delenda
663 2525 760 2563 sunt
789 2519 858 2563 illa
898 2519 1145 2564 recentioris
1173 2519 1350 2578 originis
1386 2518 1584 2577 vestigia,
1637 2533 1746 2578 quae
1787 2526 1883 2562 ante
1920 2517 2224 2563 Alexandrinos
2262 2519 2475 2580 aliquanto
2512 2518 2632 2580 plura

159 2584 288 2628 fuisse
317 2586 533 2640 existimo,
565 2586 705 2630 multis
736 2587 871 2646 iisque
902 2586 1194 2632 audacissimis
1225 2586 1502 2639 athetesibus,
1533 2586 1769 2630 laetandum
1800 2588 1938 2646 potius
1965 2588 2246 2640 remansisse,
2293 2586 2405 2630 unde
2436 2586 2488 2630 de
2520 2595 2628 2630 tem-

165 2668 269 2713 pore
299 2653 421 2698 huius
450 2655 513 2700 rh.
545 2656 645 2701 satis
675 2664 835 2700 certum
866 2657 974 2701 serre
1004 2656 1127 2701 liceat
1156 2654 1370 2701 iudicium.
1401 2654 1565 2700 Revoca
1598 2655 1634 2700 si
1664 2649 1801 2716 placet
1832 2655 1873 2699 in
1904 2655 2090 2700 animum
2122 2655 2273 2700 lurtum
2305 2654 2523 2709 Mercurii,
2554 2655 2628 2701 Pa·

160 2720 264 2767 ridis
294 2721 513 2777 iudicium,
554 2724 760 2781 Troilum,
805 2723 990 2780 Nioben,
1038 2723 1320 2771 Cassandram
1351 2739 1454 2771 neve
1495 2723 1559 2770 his
1589 2723 1693 2771 locis
1723 2723 1920 2771 omnibus
1951 2725 2121 2770 remotis
2151 2723 2420 2786 rhapsodiam
2451 2724 2505 2771 ab
2536 2741 2627 2772 om·

163 2788 288 2836 nibus
318 2791 462 2837 naevis
491 2790 709 2837 liberatam
739 2799 780 2838 te
811 2791 966 2839 habere
995 2793 1224 2856 putaveris.

366 2860 458 2905 Jam
488 2878 589 2906 vero
620 2862 685 2906 l'ac
715 2878 880 2907 mecum
911 2862 1148 2923 perpendas
1177 2878 1267 2908 rem
1299 2862 1509 2924 quandam
1542 2864 1854 2921 gravissimam,
1884 2863 2040 2909 scilicet
2069 2879 2195 2925 quam
2226 2863 2362 2923 inepte
2393 2870 2518 2925 atque
2549 2862 2625 2909 ab·

166 2926 293 2975 surde
324 2928 425 2989 (noli
455 2935 601 2991 putare
631 2946 697 2977 me
728 2932 818 2978 rem
849 2931 1025 2993 augere)
1057 2931 1124 2978 hic
1155 2938 1279 2993 poeta
1310 2931 1400 2978 aliis
1430 2930 1622 2978 versibus
1652 2938 1815 2989 utatur3
1854 2946 1938 2996 qua
1969 2932 2010 2977 in
2040 2947 2086 2977 re
2117 2932 2246 2977 multa
2277 2932 2486 2978 commisit
2515 2934 2628 2990 vitia,

213 3067 250 3115 ⁸)
298 3070 421 3115 excipe
451 3068 467 3104 1
498 3070 567 3104 663
597 3074 703 3120 μυχῷ
727 3071 862 3121 κλισίης
882 3072 1124 3121 εὐπήκτου-Ξ
1148 3071 1180 3107 Ω
1198 3073 1290 3114 675,
1327 3070 1364 3107 Κ
1382 3073 1449 3107 566
1472 3072 1645 3119 κλισιηνε
1626 3071 1805 3107 ebrum-o»
1837 3072 1949 3115 ἂανε,
1978 3071 2014 3107 Ν
2031 3073 2100 3105 240
2122 3073 2172 3106 mi.
2198 3072 2356 3106 εὔτυκτον
2388 3073 2507 3115 ἵκανε,
2549 3084 2631 3107 nam

303 3127 497 3168 Mete
478 3131 750 3176 enez-nmen<
771 3136 824 3165 est
846 3131 880 3164 tu
900 3131 951 3164 Se
953 3137 1011 3164 uto
1036 3131 1095 3164 illo
1121 3130 1268 3165 Achillis
1270 3127 1341 3164 ,Σ
1360 3130 1440 3164 589.

200 3183 258 3231 ⁸⁸)
306 3195 340 3231 p.
364 3185 473 3221 406³
557 3186 612 3222 Ali
616 3188 701 3222 teri
705 3187 824 3222 uidonv
828 3189 852 3222 it
878 3187 976 3223 Welc
978 3187 1063 3224 kern
1044 3199 1082 3224 us
1107 3199 1126 3223 e
1189 3176 1215 3223 C
1242 3186 1342 3222 c1.11
1366 3187 1447 3230 422,
1484 3186 1573 3222 Dass
1598 3186 1749 3222 Primos
1774 3185 1929 3220 nachher
1953 3185 2046 3221 nicht
2070 3185 2228 3221 wirklich
2254 3186 2342 3221 auch
2367 3186 2426 3221 bei
2451 3186 2513 3222 der
2538 3186 2630 3222 nut-

299 3248 353 3277 ter
376 3243 445 3276 und
456 3197 515 3278 'cg
518 3254 550 3277 ιιι
580 3243 814 3287 madenam,
855 3245 898 3278 ist
921 3244 979 3279 kei
1027 3199 1212 3290 sogrpsse
1215 3198 1322 3279 ἕᾶλο
1302 3257 1384 3292 οονγ
1410 3245 1460 3278 asl
1485 3254 1539 3277 ma
1589 3245 1662 3278 sich
1686 3243 1853 3278 vorstellt.
1902 3243 1973 3278 Der
1997 3244 2129 3288 Antrag
2165 3244 2370 3279 anzuflehen
2403 3246 2446 3278 ist
2478 3245 2513 3279 in
2548 3233 2649 3280 eine*

299 3300 458 3346 allgemei
461 3311 521 3344 n,e
546 3310 581 3335 vi
573 3301 663 3337 'ielle
665 3302 722 3336 cht
746 3303 816 3336 ubli
818 3303 884 3337 che
907 3257 1002 3338 Εοι·ιι
961 3314 1032 3337 rem
1027 3257 1067 3336 lo
1070 3313 1114 3347 ge
1095 3302 1186 3337 eikle
1190 3302 1258 3337 det.
2089 3343 2115 3389 3
