2860 3631
1267 159 1324 167 ....
1417 134 1468 178 Μ
1556 161 1612 169 -.

194 262 373 310 similem
402 260 617 323 quandam
654 276 744 306 rem
776 262 859 306 iam
891 277 986 306 esse
1016 267 1226 305 narratam
1258 268 1402 307 noster
1441 262 1651 316 meminit,
1680 276 1755 307 seu
1791 262 1962 322 ingenio
1990 275 2076 309 'suo
2112 262 2279 309 diffisus
2307 276 2383 309 seu
2402 277 2545 326 ¹pravo
2581 268 2677 313 imi-

193 330 309 376 tandi
339 330 477 375 studio
507 330 661 377 ductus
694 330 773 376 sibi
805 338 1042 392 temperare
1073 345 1156 374 non
1192 336 1355 390 potest,
1385 331 1486 392 quin
1517 331 1676 376 alienos
1704 345 1853 376 versus
1884 341 2071 393 usurpet.

402 402 644 448 188-330.
706 402 800 454 Quo
831 401 976 444 nuntio
1007 398 1148 443 audito
1180 399 1369 443 Priamus
1399 400 1606 460 extemplo
1638 399 1753 444 filios
1782 414 1954 444 currum
1984 403 2158 462 iungere
2187 401 2325 455 iubet,
2354 404 2444 465 ipse
2463 404 2677 450 ‘cumite-

190 468 302 513 cuba
330 485 485 522 uxore,
515 485 625 531 quae
657 470 819 532 Jupiter
848 470 887 513 ei
918 469 1207 522 nuntiaverat,
1239 471 1542 514 communicat.
1608 467 1781 514 Hecuba
1810 469 1889 514 iter
1918 485 2188 532 summopere
2215 470 2458 527 dissuadet,
2497 479 2539 518 at
2568 472 2679 518 Pria-

192 553 288 582 mus
316 538 433 583 Jovis
464 540 617 583 auxilio
656 546 781 599 atque
820 539 1032 599 promisso
1073 538 1209 582 fretus
1247 539 1287 581 in
1317 539 1495 583 consilio
1535 545 1804 598 perseverat3
1850 538 1962 584 dona
1999 556 2110 600 quae
2148 540 2293 586 Achilli
2326 542 2503 596 offerat,
2549 542 2680 602 eligit,

193 607 400 652 Troianos
431 624 483 652 ex
513 609 607 665 aula
640 609 780 667 regiae
813 608 943 661 eiicit,
974 607 1081 651 filios
1111 607 1379 651 vehementer
1410 609 1615 667 increpat.
1679 609 1840 653 Currus
1870 608 2120 667 iunguntur,
2152 608 2322 655 Hecuba
2354 610 2556 657 suadente
2586 611 2679 657 lovi

193 677 294 722 libat
325 678 528 731 Priamus,
552 676 605 721 ab
625 693 761 737 eoque
783 677 1026 736 augurium,
1058 676 1173 737 quod
1192 677 1302 736 petit,
1322 677 1486 737 accipit.
1527 680 1623 733 Quo
1645 678 1753 722 facto
1774 692 1869 721 cum
1894 676 2020 722 idaeo
2053 676 2350 735 caduceatore,
2377 682 2449 743 qui
2480 680 2672 742 plaustro

195 747 318 790 mulis
350 748 489 790 iuncto
521 746 631 789 dona
674 747 980 804 pretiosissima
1012 747 1144 798 vehit,
1184 761 1335 804 magna
1367 747 1644 789 Troianorum
1684 745 1945 789 multitudine
1978 762 2111 806 usque
2153 746 2206 791 ad
2245 749 2456 809 planitiem
2488 751 2678 795 comitati

196 814 249 858 ad
283 816 535 860 Achivorum
568 822 706 858 castra
739 815 1077 874 proficiscuntur.

404 887 500 930 195.
532 887 572 930 6.
606 899 689 928 non
720 884 822 927 satis
854 890 950 944 apte
990 883 1115 927 iidem
1153 899 1296 927 versus
1337 885 1421 928 iam
1451 893 1645 945 quartum
1688 885 1728 927 in
1766 882 1918 929 eodem
1949 885 2131 930 carmine
2168 895 2394 930 occurrunt
2444 889 2497 932 cl'.
2537 892 2681 936 118.9‚

198 955 338 1007 146.7;
373 955 514 999 175.6.

206 1080 212 1086 ι
403 1025 484 1068 197
516 1022 601 1065 ἀλλ’
631 1021 710 1077 ἆγε
733 1037 808 1079 μοι
841 1021 941 1064 τάδε
970 1021 1082 1072 εἶπέ,
1128 1025 1195 1064 καὶ
1243 1022 1464 1079 ἀτρεκέως
1500 1022 1749 1073 κατάλεξον,
1793 1022 1866 1084 qui
1905 1037 2051 1066 versus
2096 1023 2137 1066 in
2168 1022 2248 1066 Od.
2289 1030 2354 1067 est
2384 1023 2675 1084 frequentissi-

193 1106 287 1135 mus
319 1093 367 1152 (α
400 1095 496 1144 169,
527 1095 626 1145 206,
658 1095 756 1143 224,
789 1091 818 1133 ὃ
845 1094 953 1144 486,
987 1090 1017 1133 θ
1045 1095 1146 1145 572,
1176 1092 1199 1134 λ
1232 1094 1334 1145 140,
1372 1095 1475 1144 170,
1506 1095 1614 1143 370,
1644 1094 1752 1145 457,
1785 1109 1809 1135 o
1829 1094 1938 1144 383,
1971 1107 2002 1134 π
2030 1095 2132 1144 137,
2164 1109 2200 1135 ω
2221 1095 2321 1146 256,
2344 1096 2441 1140 286.
2476 1095 2522 1139 ln
2544 1094 2674 1139 Iliade

194 1163 407 1205 rarissime
440 1171 683 1222 usurpatur,
714 1162 792 1204 nisi
825 1161 945 1205 fallor
975 1169 1124 1221 quater
1154 1161 1197 1204 K
1217 1164 1315 1213 384,
1346 1164 1448 1215 405,
1480 1160 1520 1204 Ω
1546 1165 1655 1215 386,
1690 1164 1774 1208 656
1804 1160 1846 1206 id
1877 1170 1942 1205 est
1973 1161 2014 1205 in
2046 1161 2123 1206 illis
2155 1161 2414 1224 rhapsodiis‚
2444 1180 2553 1225 quae
2586 1165 2679 1211 aliis

191 1245 359 1292 quoque
394 1229 446 1274 de
478 1231 618 1274 causis
648 1236 744 1274 sunt
775 1238 1013 1290 suspectae.
1049 1230 1174 1275 Erant
1204 1238 1341 1274 autem
1373 1229 1484 1290 apud
1517 1231 1763 1274 vetustiores
1801 1230 1891 1274 illos
1922 1237 2071 1289 poetas
2114 1232 2154 1274 in
2187 1246 2264 1276 usu
2297 1232 2499 1277 formulae
2517 1249 2678 1311 ⁶quae·

192 1299 525 1359 dam‚quaedam
543 1299 766 1343 verborum
784 1298 1281 1361 coniunctiones‚quibus
1303 1299 1344 1341 in
1365 1298 1622 1343 carminibus
1648 1308 1688 1344 et
1716 1299 1954 1361 pangendis
1979 1306 2020 1343 et
2043 1302 2274 1344 memoriae
2291 1301 2542 1346 mandandis
2559 1303 2679 1347 valde

190 1371 385 1412 videntur
415 1370 543 1413 fuisse
585 1368 730 1413 adiuti.
793 1369 912 1421 Quae
945 1369 1150 1413 formulae
1189 1367 1241 1412 ab
1282 1368 1585 1429 antiquissimis
1627 1369 1772 1428 poetis
1812 1369 2153 1414 constantissime
2192 1376 2317 1430 atque
2358 1369 2678 1429 diligentissime

191 1444 288 1479 sunt
319 1446 530 1491 servatae3
565 1445 712 1496 postea
745 1437 916 1480 demum
947 1453 1042 1480 eam
1075 1437 1137 1481 vel
1169 1438 1402 1480 libertatem
1433 1438 1497 1480 vel
1530 1437 1737 1480 licentiam
1769 1438 1909 1495 adepti
1942 1444 2039 1481 sunt
2069 1445 2241 1496 poetae,
2271 1445 2316 1482 ut
2346 1440 2396 1482 iis
2429 1440 2503 1483 has
2527 1441 2680 1484 sormu-

190 1505 251 1548 las
283 1507 500 1563 negligere
532 1506 686 1549 liceret.
751 1506 882 1549 Cuius
923 1507 983 1549 rei
1026 1523 1153 1549 unum
1196 1506 1290 1549 mihi
1334 1506 1458 1550 liceat
1490 1505 1639 1550 afferre
1677 1506 1930 1564 exemplum.
1993 1506 2211 1566 Nusquam
2251 1507 2438 1552 invenies
2475 1507 2586 1567 apud
2628 1508 2676 1553 H.

192 1574 319 1624 verba
353 1574 523 1632 πρόπαν
557 1574 689 1633 ἦμαρ,
720 1575 820 1634 quin
853 1575 991 1618 statim
1030 1581 1259 1634 sequantur
1287 1574 1336 1621 ἐς·
1372 1574 1511 1632 ἠέλιον
1550 1574 1817 1627 καταδύντα,
1867 1574 1909 1619 id
1949 1574 2063 1634 quod
2097 1574 2335 1633 neglectum
2374 1583 2437 1619 est
2475 1576 2516 1620 in
2547 1577 2678 1622 altera

192 1644 270 1687 ista
302 1644 445 1702 necyia
478 1661 513 1686 ω
544 1648 616 1689 41.
649 1644 864 1703 Nusquam
898 1644 981 1687 sere
1014 1644 1199 1687 invenies
1230 1642 1354 1686 verba
1389 1644 1474 1685 ἀλλ’
1505 1643 1584 1699 ἄγε
1599 1660 1672 1700 μοι
1705 1644 1803 1686 τόδε
1833 1643 1946 1696 εἰπέ,
1978 1644 2079 1705 quin
2111 1644 2309 1688 continuo
2342 1652 2571 1705 sequantur
2604 1647 2674 1690 illa

190 1714 405 1756 notissima
437 1715 503 1756 καὶ
535 1712 757 1770 ἀτρεκέως
792 1713 1034 1762 κατάλεξον.
1099 1712 1129 1755 Α
1162 1727 1244 1771 quo
1284 1728 1361 1755 usu
1406 1711 1471 1755 bis
1512 1718 1671 1755 tantum
1711 1719 1775 1755 est
1814 1727 2054 1765 recessum,
2101 1727 2253 1772 nempe
2300 1712 2338 1756 h.
2381 1713 2404 1756 l.
2445 1721 2485 1757 et
2524 1716 2559 1757 Λ
2590 1718 2676 1761 819

143 1783 146 1786 ’
189 1782 275 1824 ἀλλ’
303 1781 382 1838 ἄγε
404 1798 478 1839 μοι
500 1781 599 1825 τάδε
630 1781 721 1825 εἰπὲ
753 1781 982 1845 διοτρεφὲς
1013 1781 1220 1839 Εὐρύπυλ’
1251 1782 1371 1839 ἥρως·
1401 1781 1451 1825 cf.
1476 1781 1537 1839 hy.
1569 1780 1699 1824 Merc-
1723 1784 1809 1827 438
1835 1783 1906 1823 νῦν
1939 1780 2059 1837 δ’ἅγε
2082 1798 2158 1838 μοι
2189 1781 2289 1825 τόδε
2319 1782 2410 1824 εἰπὲ
2441 1783 2678 1843 πολύτροπε

190 1851 385 1900 Μαιάδος
414 1852 491 1895 υἱέ.
553 1848 671 1895 Unde
703 1850 802 1911 quid
835 1852 888 1895 sit
919 1850 1267 1902 concludendum,
1299 1866 1382 1894 non
1415 1849 1583 1894 difficile
1616 1851 1670 1894 sit
1702 1850 1924 1894 intellectu.

397 1924 479 1967 208
512 1920 669 1979 Kochly
699 1920 893 1964 versibus
924 1927 1106 1980 quatuor
1137 1921 1305 1964 omissis
1338 1919 1564 1979 legendum
1599 1935 1694 1962 esse
1727 1926 1871 1963 censet
1901 1920 2011 1963 hunc
2042 1921 2180 1964 locum
2213 1922 2276 1965 sic
2305 1923 2364 1978 Ἲς

397 1994 479 2036 208
511 1990 614 2032 οὐδέ
637 1991 676 2032 τί
699 1990 976 2033 σἀἷὸέσεταὶ
992 1991 1005 2047 ,Ι
1027 1993 1099 2032 τοῦ
1130 1990 1217 2044 ἐγὼ
1242 1991 1378 2046 μέσον
1409 1989 1526 2048 ἧπαρ
1559 1988 1695 2048 ἔχοιμι
1725 1993 1823 2033 212.
1858 1989 1955 2032 Mihi
1987 1989 2160 2050 quidem
2192 2006 2243 2032 ex
2275 1991 2355 2035 hoc
2384 2006 2553 2052 quoque
2584 1992 2676 2036 loco

189 2059 416 2119 posterior,
449 2074 533 2120 quo
564 2066 655 2102 erat
694 2058 760 2101 hic
799 2065 944 2118 poeta,
978 2067 1096 2101 aetas
1128 2059 1295 2116 intelligi
1328 2074 1454 2117 posse
1492 2058 1668 2100 videtur.
1733 2059 1867 2115 Lege,
1901 2073 2082 2116 quaeso,
2115 2076 2150 2102 ν.
2183 2062 2289 2104 209:
2322 2061 2384 2117 τῷ
2414 2060 2453 2102 δ’
2482 2061 2546 2107 ὥς·
2575 2061 2675 2114 ποθ,

182 2131 317 2186 μοῖρα
338 2129 515 2186 κραταιή
533 2129 545 2185 Η
569 2127 805 2185 γιγνομένῳ
827 2127 1010 2186 ἐπένησε
1040 2129 1140 2185 λίνῳ
1171 2128 1241 2169 ὅτε
1264 2143 1335 2183 μιν
1368 2127 1488 2169 τέκον
1519 2127 1639 2185 αὐτῇ.
1673 2126 1726 2170 cl'.
1758 2125 1898 2169 Schol.
1931 2128 1978 2172 A.
1997 2129 2024 2186 ἡ
2044 2127 2168 2186 διπλῆ
2207 2127 2269 2169 ὅτι
2299 2127 2490 2172 εὐταῢθα
2520 2130 2673 2182 καλῶς,

189 2197 256 2240 ἐπὶ
287 2197 335 2239 δὲ
366 2197 590 2257 Ἀχιλλέως
620 2197 665 2238 ἐν
705 2198 756 2255 τῇ
792 2196 832 2239 Υ
856 2200 972 2253 (128)
1004 2196 1143 2239 οὐκέτι
1173 2204 1293 2256 atque
1326 2197 1365 2238 in
1400 2196 1460 2239 rh.
1500 2196 1538 2237 Υ
1565 2194 1834 2239 Alexandrini
1866 2211 1941 2239 eos
1972 2212 2122 2239 versus
2156 2195 2358 2240 delendos
2389 2213 2484 2241 esse
2516 2206 2672 2242 statue-

189 2274 296 2312 runt,
359 2265 514 2309 Similis
553 2281 699 2309 versus
738 2273 802 2309 est
848 2267 888 2308 in
920 2265 999 2309 Od.
1032 2282 1058 2324 η
1093 2269 1173 2311 198
1213 2266 1324 2307 ἅσσα
1363 2266 1402 2306 οἷ
1434 2264 1533 2307 αἶσα
1575 2265 1687 2306 κατά
1715 2263 1882 2311 κλῶθές
1912 2280 1956 2307 τε
1983 2265 2161 2323 βαρεῖαι
2184 2266 2197 2323 Η
2227 2265 2462 2323 γιγνομένῳ
2494 2268 2674 2326 νήσαντο

187 2336 309 2394 λίνῳ,
343 2336 414 2378 ὅτε
439 2351 510 2391 μιν
543 2335 637 2378 τέκε
661 2336 820 2394 μήτηρ.

397 2406 610 2457 Quorsum
644 2405 770 2461 igitur
800 2404 931 2448 haec?
979 2405 1088 2458 Quia
1122 2419 1213 2446 mea
1245 2402 1415 2462 quidem
1448 2404 1632 2462 suspicio
1667 2402 1732 2446 his
1765 2418 1873 2463 quos
1904 2404 2019 2446 attuli
2054 2402 2244 2447 versibus
2275 2406 2494 2448 excitatur.
2559 2404 2670 2447 Con·

184 2471 313 2516 tendo
345 2487 429 2517 non
461 2473 625 2516 novisse
658 2472 794 2516 lliadis
825 2473 1083 2532 antiquiores
1115 2479 1259 2531 poetas
1290 2471 1395 2515 deos
1427 2471 1488 2514 vel
1521 2472 1658 2530 potius
1691 2471 1817 2523 deas,
1868 2487 1976 2531 quae
2009 2479 2154 2530 postea
2185 2471 2400 2530 Odysseae
2440 2472 2585 2515 hesiod
2599 2488 2671 2516 eo-

189 2556 365 2601 rumque
396 2542 626 2584 carminum
659 2549 792 2584 aetate
817 2545 897 2600 fila
935 2548 1085 2586 nentes
1116 2542 1325 2585 hominum
1359 2541 1442 2584 sata
1473 2549 1692 2601 sortesque
1723 2541 1889 2584 efficere
1921 2549 2047 2600 atque
2081 2542 2335 2585 constituere
2367 2539 2672 2605 credebantur,

184 2626 268 2655 non
302 2611 525 2655 convenire
558 2611 645 2654 illas
677 2610 830 2654 Parcas
862 2611 925 2655 fila
958 2619 999 2655 et
1032 2618 1177 2654 ncntes
1208 2617 1248 2655 et
1278 2610 1578 2669 abrumpentes
1617 2609 1747 2664 lliadi,
1781 2610 1857 2654 hac
1887 2626 2057 2672 quoque
2090 2612 2130 2654 in
2163 2627 2207 2654 re
2240 2617 2283 2654 ut
2323 2611 2364 2653 in
2405 2609 2545 2654 multis
2576 2611 2670 2653 aliis

183 2681 295 2723 hunc
325 2686 492 2739 poetam
525 2679 578 2722 ab
610 2680 680 2730 iis,
733 2681 804 2739 qui
845 2688 1011 2724 ceteras
1050 2679 1192 2723 Iliadis
1231 2679 1477 2738 rhapsodias
1518 2680 1790 2739 pepigerunt,
1838 2679 2099 2738 discrepare.
2161 2680 2326 2740 Neque,
2365 2679 2406 2723 id
2446 2678 2560 2738 quod
2599 2681 2672 2738 qui

186 2765 315 2793 unum
350 2748 488 2794 Iliadis
521 2747 824 2809 Odysseaeque
856 2758 1024 2809 poetam
1058 2749 1187 2793 fuisse
1220 2756 1428 2801 statuunt,
1462 2748 1588 2806 vulgo
1621 2748 1758 2792 facere
1789 2749 1946 2802 solent,
1986 2749 2024 2791 h.
2058 2749 2079 2793 l.
2113 2748 2252 2793 licebit
2284 2748 2514 2802 affirmare,
2566 2748 2671 2792 l'orte

184 2821 350 2863 fortuna
382 2834 477 2861 esse
510 2820 662 2862 sactum
695 2827 739 2862 ut
771 2820 810 2861 in
844 2818 966 2861 lliade
998 2818 1172 2862 dearum
1205 2818 1361 2863 illarum
1394 2819 1580 2861 nentium
1614 2819 1766 2861 mentio
1800 2833 1881 2862 non
1913 2818 2049 2872 fieret,
2081 2833 2176 2861 nam
2210 2834 2415 2878 persaepe
2446 2833 2519 2861 eas
2551 2833 2664 2861 com·

186 2887 444 2930 memorandi
477 2895 565 2931 erat
596 2888 891 2947 opportunites
923 2895 1046 2946 atque
1079 2886 1184 2929 adeo
1216 2889 1456 2931 necessitas.
1520 2886 1699 2929 Verbum
1730 2901 1898 2945 quoque
1928 2887 2042 2947 quod
2078 2888 2117 2929 in
2151 2887 2229 2930 hac
2258 2902 2302 2929 re
2334 2887 2529 2946 usurpari
2561 2886 2671 2930 solet

185 2956 407 2998 ἐπικλώῦω
440 2958 479 2999 in
512 2957 636 2999 lliade
669 2972 751 2999 non
785 2956 992 3008 invenies,
1038 2972 1119 2999 uno
1152 2963 1323 3016 excepto
1354 2956 1470 3007 loco,
1523 2972 1607 3015 quo
1640 2970 1732 2998 mea
1763 2956 1904 3013 opinio
1936 2954 2042 2998 adeo
2083 2970 2164 2998 non
2196 2955 2433 3013 infringitur
2465 2962 2508 2998 ut
2551 2969 2666 2998 com·

188 3024 409 3085 probetur,
447 3034 510 3069 est
550 3026 659 3069 enim
694 3027 732 3068 in
767 3026 856 3085 ipsa
890 3024 966 3069 hac
998 3024 1057 3068 rh.
1090 3028 1175 3073 525
1213 3025 1273 3073 ὣς
1302 3026 1386 3084 γὰρ
1419 3024 1709 3068 ἐπεκλώσαντο
1740 3023 1833 3068 θεοὶ
1863 3025 2030 3068 δειλοῖσι
2059 3025 2291 3083 βροτοῖσιν.
2354 3022 2535 3084 Saepius
2567 3038 2668 3068 con-

233 3155 269 3200 Ἴ
322 3166 356 3199 p.
383 3156 436 3189 13.
484 3157 668 3189 208-212
694 3155 870 3189 εηιὴειῐιεη
895 3166 958 3194 ειη·
982 3166 1024 3188 zu
1051 3155 1118 3189 viel
1145 3155 1205 3189 des
1231 3157 1456 3199 Austossigen
1483 3156 1526 3188 im
1552 3154 1735 3189 Ausdruck
1762 3155 1829 3188 und
1857 3156 1951 3189 Sinn.
2002 3155 2071 3189 Das
2097 3157 2153 3189 νῦν
2179 3155 2222 3189 δὲ
2245 3154 2419 3197 κλαίωμεν
2445 3152 2597 3189 ἄνευθεν
2623 3154 2666 3186 ist

325 3218 444 3257 utreng
468 3223 674 3257 genommen
701 3213 842 3247 Unsinn.
878 3213 942 3247 Die
967 3212 1033 3246 fast
1056 3223 1146 3253 ganz
1171 3213 1347 3247 entlehnte
1374 3213 1525 3246 Sentenz
1549 3216 1599 3259 τῷ
1626 3211 1715 3252 δ’ὥς
1734 3212 1819 3246 ποθι
1838 3230 1879 3236 -
1896 3216 2057 3259 κρατερῷ
2085 3212 2184 3245 ward
2210 3213 2268 3245 mit
2294 3211 2404 3245 Recht
2428 3222 2497 3245 von
2524 3212 2662 3253 einigen

324 3268 425 3304 Alten
451 3269 500 3303 nls
524 3272 579 3304 ein
604 3270 714 3317 λόγος
734 3271 897 3318 ἀπρεπής
919 3270 1124 3315 geschonen
1161 3270 1230 3303 und
1262 3269 1429 3315 m'uhselig
1455 3270 1682 3314 vertheidigt‚
1719 3271 1764 3302 im
1790 3269 1914 3303 Mundo
1940 3270 2003 3302 der
2028 3268 2150 3302 Mutter
2174 3270 2217 3302 ist
2241 3270 2292 3302 sie
2317 3270 2396 3303 eine
2421 3266 2658 3311 Unmoglich-

324 3326 399 3360 lucit
424 3337 455 3360 u.
480 3338 506 3360 s.
532 3338 578 3361 w.
