<?xml version="1.0" encoding="UTF-8"?>
<!DOCTYPE html PUBLIC "-//W3C//DTD XHTML 1.0 Transitional//EN"
    "http://www.w3.org/TR/xhtml1/DTD/xhtml1-transitional.dtd">
<html xmlns="http://www.w3.org/1999/xhtml" xml:lang="en" lang="en">
 <head>
  <title>
</title>
<meta http-equiv="Content-Type" content="text/html;charset=utf-8" />
  <meta name='ocr-system' content='tesseract 3.04.00' />
  <meta name='ocr-capabilities' content='ocr_page ocr_carea ocr_par ocr_line ocrx_word'/>
</head>
<body>
  <div class='ocr_page' id='page_1' title='image "./4777694_0010.png"; bbox 0 0 2860 3631; ppageno 0'>
   <div class='ocr_carea' id='block_1_1' title="bbox 1272 123 1622 167">
    <p class='ocr_par' dir='ltr' id='par_1_1' title="bbox 1272 123 1622 167">
     <span class='ocr_line' id='line_1_1' title="bbox 1272 123 1622 167; baseline -0.006 -9"><span class='ocrx_word' id='word_1_1' title='bbox 1272 123 1622 167; x_wconf 80' lang='grc'>...4.-</span> 
     </span>
    </p>
   </div>
   <div class='ocr_carea' id='block_1_2' title="bbox 191 246 2698 2243">
    <p class='ocr_par' dir='ltr' id='par_1_2' title="bbox 191 246 2695 848">
     <span class='ocr_line' id='line_1_2' title="bbox 193 246 2690 311; baseline 0 -15"><span class='ocrx_word' id='word_1_2' title='bbox 193 252 345 298; x_wconf 82' lang='lat' dir='ltr'>iterum</span> <span class='ocrx_word' id='word_1_3' title='bbox 366 251 603 311; x_wconf 75' lang='lat' dir='ltr'>iterumque</span> <span class='ocrx_word' id='word_1_4' title='bbox 624 248 821 310; x_wconf 88' lang='lat' dir='ltr'>perlectis</span> <span class='ocrx_word' id='word_1_5' title='bbox 842 247 1248 311; x_wconf 68' lang='lat' dir='ltr'>quaestionibusque</span> <span class='ocrx_word' id='word_1_6' title='bbox 1278 249 1361 294; x_wconf 88' lang='lat' dir='ltr'>illis</span> <span class='ocrx_word' id='word_1_7' title='bbox 1376 249 1419 294; x_wconf 89' lang='lat' dir='ltr'>in</span> <span class='ocrx_word' id='word_1_8' title='bbox 1442 247 1535 294; x_wconf 88' lang='lat' dir='ltr'>dies</span> <span class='ocrx_word' id='word_1_9' title='bbox 1559 246 1753 294; x_wconf 87' lang='lat' dir='ltr'>subtilius</span> <span class='ocrx_word' id='word_1_10' title='bbox 1782 250 2108 310; x_wconf 87' lang='lat' dir='ltr'>aecuratiusque</span> <span class='ocrx_word' id='word_1_11' title='bbox 2140 249 2364 310; x_wconf 80' lang='lat' dir='ltr'>perpensis</span> <span class='ocrx_word' id='word_1_12' title='bbox 2394 250 2486 296; x_wconf 77' lang='lat' dir='ltr'>fore</span> <span class='ocrx_word' id='word_1_13' title='bbox 2515 257 2563 296; x_wconf 93' lang='lat' dir='ltr'>ut</span> <span class='ocrx_word' id='word_1_14' title='bbox 2591 265 2690 297; x_wconf 84' lang='lat' dir='ltr'>sen·</span> 
     </span>
     <span class='ocr_line' id='line_1_3' title="bbox 192 315 2690 380; baseline -0.001 -15"><span class='ocrx_word' id='word_1_15' title='bbox 192 320 323 366; x_wconf 84' lang='lat' dir='ltr'>tentia</span> <span class='ocrx_word' id='word_1_16' title='bbox 355 335 380 364; x_wconf 93' lang='lat' dir='ltr'>a</span> <span class='ocrx_word' id='word_1_17' title='bbox 413 318 687 364; x_wconf 88' lang='lat' dir='ltr'>Lachmanno</span> <span class='ocrx_word' id='word_1_18' title='bbox 717 318 938 380; x_wconf 89' lang='lat' dir='ltr'>proposita</span> <span class='ocrx_word' id='word_1_19' title='bbox 968 318 1108 378; x_wconf 76' lang='lat' dir='ltr'>magis</span> <span class='ocrx_word' id='word_1_20' title='bbox 1137 318 1360 378; x_wconf 78' lang='lat' dir='ltr'>magisque</span> <span class='ocrx_word' id='word_1_21' title='bbox 1392 315 1627 362; x_wconf 86' lang='lat' dir='ltr'>stabiliatur</span> <span class='ocrx_word' id='word_1_22' title='bbox 1663 322 1790 377; x_wconf 88' lang='lat' dir='ltr'>atque</span> <span class='ocrx_word' id='word_1_23' title='bbox 1827 315 2115 364; x_wconf 73' lang='lat' dir='ltr'>confirmetur.</span> <span class='ocrx_word' id='word_1_24' title='bbox 2156 317 2250 372; x_wconf 88' lang='lat' dir='ltr'>Qua</span> <span class='ocrx_word' id='word_1_25' title='bbox 2280 319 2323 362; x_wconf 87' lang='lat' dir='ltr'>in</span> <span class='ocrx_word' id='word_1_26' title='bbox 2352 333 2399 363; x_wconf 84' lang='lat' dir='ltr'>re</span> <span class='ocrx_word' id='word_1_27' title='bbox 2429 318 2530 363; x_wconf 86' lang='lat' dir='ltr'>nihil</span> <span class='ocrx_word' id='word_1_28' title='bbox 2560 319 2690 363; x_wconf 80' lang='lat' dir='ltr'>inter·</span> 
     </span>
     <span class='ocr_line' id='line_1_4' title="bbox 192 385 2692 449; baseline -0.001 -15"><span class='ocrx_word' id='word_1_29' title='bbox 192 404 290 435; x_wconf 87' lang='lat' dir='ltr'>esse</span> <span class='ocrx_word' id='word_1_30' title='bbox 319 394 438 449; x_wconf 85' lang='lat' dir='ltr'>puto,</span> <span class='ocrx_word' id='word_1_31' title='bbox 456 402 558 431; x_wconf 88' lang='lat' dir='ltr'>num</span> <span class='ocrx_word' id='word_1_32' title='bbox 589 388 761 448; x_wconf 78' lang='lat' dir='ltr'>singula</span> <span class='ocrx_word' id='word_1_33' title='bbox 786 388 975 431; x_wconf 89' lang='lat' dir='ltr'>carmina</span> <span class='ocrx_word' id='word_1_34' title='bbox 1006 388 1099 447; x_wconf 85' lang='lat' dir='ltr'>ipsa</span> <span class='ocrx_word' id='word_1_35' title='bbox 1120 387 1204 430; x_wconf 87' lang='lat' dir='ltr'>iam</span> <span class='ocrx_word' id='word_1_36' title='bbox 1230 393 1342 430; x_wconf 88' lang='lat' dir='ltr'>recte</span> <span class='ocrx_word' id='word_1_37' title='bbox 1358 387 1562 446; x_wconf 88' lang='lat' dir='ltr'>repererit</span> <span class='ocrx_word' id='word_1_38' title='bbox 1582 386 1739 439; x_wconf 91' lang='lat' dir='ltr'>omnia,</span> <span class='ocrx_word' id='word_1_39' title='bbox 1766 385 1822 428; x_wconf 88' lang='lat' dir='ltr'>nil</span> <span class='ocrx_word' id='word_1_40' title='bbox 1843 386 2032 441; x_wconf 83' lang='lat' dir='ltr'>interest,</span> <span class='ocrx_word' id='word_1_41' title='bbox 2052 387 2318 442; x_wconf 86' lang='lat' dir='ltr'>mihicrede,</span> <span class='ocrx_word' id='word_1_42' title='bbox 2339 394 2480 431; x_wconf 91' lang='lat' dir='ltr'>utrum</span> <span class='ocrx_word' id='word_1_43' title='bbox 2504 386 2692 433; x_wconf 87' lang='lat' dir='ltr'>sedecim</span> 
     </span>
     <span class='ocr_line' id='line_1_5' title="bbox 191 453 2693 519; baseline -0 -16"><span class='ocrx_word' id='word_1_44' title='bbox 191 459 381 504; x_wconf 87' lang='lat' dir='ltr'>carmina</span> <span class='ocrx_word' id='word_1_45' title='bbox 411 458 598 517; x_wconf 76' lang='lat' dir='ltr'>genuina</span> <span class='ocrx_word' id='word_1_46' title='bbox 628 456 767 501; x_wconf 80' lang='lat' dir='ltr'>Iliadis</span> <span class='ocrx_word' id='word_1_47' title='bbox 797 457 1108 500; x_wconf 88' lang='lat' dir='ltr'>constituantur</span> <span class='ocrx_word' id='word_1_48' title='bbox 1137 470 1192 498; x_wconf 88' lang='lat' dir='ltr'>an</span> <span class='ocrx_word' id='word_1_49' title='bbox 1224 455 1368 516; x_wconf 90' lang='lat' dir='ltr'>plura,</span> <span class='ocrx_word' id='word_1_50' title='bbox 1388 456 1431 500; x_wconf 92' lang='lat' dir='ltr'>in</span> <span class='ocrx_word' id='word_1_51' title='bbox 1461 453 1716 517; x_wconf 88' lang='lat' dir='ltr'>quibusdam</span> <span class='ocrx_word' id='word_1_52' title='bbox 1748 453 1878 499; x_wconf 91' lang='lat' dir='ltr'>rebus</span> <span class='ocrx_word' id='word_1_53' title='bbox 1907 454 1971 499; x_wconf 82' lang='lat' dir='ltr'>vel</span> <span class='ocrx_word' id='word_1_54' title='bbox 1993 456 2043 509; x_wconf 84' lang='lat' dir='ltr'>ii,</span> <span class='ocrx_word' id='word_1_55' title='bbox 2062 458 2135 519; x_wconf 80' lang='lat' dir='ltr'>qui</span> <span class='ocrx_word' id='word_1_56' title='bbox 2154 456 2412 502; x_wconf 84' lang='lat' dir='ltr'>Lachmanni</span> <span class='ocrx_word' id='word_1_57' title='bbox 2442 457 2693 502; x_wconf 87' lang='lat' dir='ltr'>sententiam</span> 
     </span>
     <span class='ocr_line' id='line_1_6' title="bbox 193 523 2695 586; baseline 0 -15"><span class='ocrx_word' id='word_1_58' title='bbox 193 528 484 585; x_wconf 73' lang='lat' dir='ltr'>maximopere</span> <span class='ocrx_word' id='word_1_59' title='bbox 515 526 701 586; x_wconf 88' lang='lat' dir='ltr'>probant</span> <span class='ocrx_word' id='word_1_60' title='bbox 730 533 773 568; x_wconf 90' lang='lat' dir='ltr'>et</span> <span class='ocrx_word' id='word_1_61' title='bbox 801 526 1009 568; x_wconf 86' lang='lat' dir='ltr'>acerrime</span> <span class='ocrx_word' id='word_1_62' title='bbox 1038 523 1292 575; x_wconf 76' lang='lat' dir='ltr'>defendunt,</span> <span class='ocrx_word' id='word_1_63' title='bbox 1322 523 1579 568; x_wconf 90' lang='lat' dir='ltr'>dubitabunt</span> <span class='ocrx_word' id='word_1_64' title='bbox 1598 525 1823 584; x_wconf 91' lang='lat' dir='ltr'>ipsumque</span> <span class='ocrx_word' id='word_1_65' title='bbox 1844 540 2013 569; x_wconf 89' lang='lat' dir='ltr'>errasse</span> <span class='ocrx_word' id='word_1_66' title='bbox 2032 525 2295 579; x_wconf 88' lang='lat' dir='ltr'>concedent,</span> <span class='ocrx_word' id='word_1_67' title='bbox 2328 534 2373 571; x_wconf 91' lang='lat' dir='ltr'>at</span> <span class='ocrx_word' id='word_1_68' title='bbox 2401 528 2444 571; x_wconf 89' lang='lat' dir='ltr'>in</span> <span class='ocrx_word' id='word_1_69' title='bbox 2473 534 2536 571; x_wconf 87' lang='lat' dir='ltr'>tot</span> <span class='ocrx_word' id='word_1_70' title='bbox 2563 524 2695 572; x_wconf 88' lang='lat' dir='ltr'>rebus</span> 
     </span>
     <span class='ocr_line' id='line_1_7' title="bbox 193 592 2694 656; baseline 0 -16"><span class='ocrx_word' id='word_1_71' title='bbox 193 598 459 655; x_wconf 79' lang='lat' dir='ltr'>singulorum</span> <span class='ocrx_word' id='word_1_72' title='bbox 490 596 726 640; x_wconf 74' lang='lat' dir='ltr'>carminum</span> <span class='ocrx_word' id='word_1_73' title='bbox 758 603 957 639; x_wconf 77' lang='lat' dir='ltr'>auctores</span> <span class='ocrx_word' id='word_1_74' title='bbox 987 594 1092 639; x_wconf 89' lang='lat' dir='ltr'>alios</span> <span class='ocrx_word' id='word_1_75' title='bbox 1121 609 1221 639; x_wconf 90' lang='lat' dir='ltr'>cum</span> <span class='ocrx_word' id='word_1_76' title='bbox 1253 595 1346 639; x_wconf 89' lang='lat' dir='ltr'>aliis</span> <span class='ocrx_word' id='word_1_77' title='bbox 1375 592 1636 654; x_wconf 87' lang='lat' dir='ltr'>discrepare,</span> <span class='ocrx_word' id='word_1_78' title='bbox 1669 595 1710 638; x_wconf 92' lang='lat' dir='ltr'>in</span> <span class='ocrx_word' id='word_1_79' title='bbox 1741 600 1805 639; x_wconf 86' lang='lat' dir='ltr'>tot</span> <span class='ocrx_word' id='word_1_80' title='bbox 1833 593 1963 639; x_wconf 92' lang='lat' dir='ltr'>rebus</span> <span class='ocrx_word' id='word_1_81' title='bbox 1991 594 2274 654; x_wconf 87' lang='lat' dir='ltr'>complurium</span> <span class='ocrx_word' id='word_1_82' title='bbox 2312 601 2456 640; x_wconf 84' lang='lat' dir='ltr'>vatum</span> <span class='ocrx_word' id='word_1_83' title='bbox 2487 611 2694 656; x_wconf 78' lang='lat' dir='ltr'>apparere</span> 
     </span>
     <span class='ocr_line' id='line_1_8' title="bbox 192 660 2695 726; baseline 0 -16"><span class='ocrx_word' id='word_1_84' title='bbox 192 666 372 724; x_wconf 80' lang='lat' dir='ltr'>vestigia</span> <span class='ocrx_word' id='word_1_85' title='bbox 406 664 738 718; x_wconf 90' lang='lat' dir='ltr'>demonstravit,</span> <span class='ocrx_word' id='word_1_86' title='bbox 768 670 832 709; x_wconf 90' lang='lat' dir='ltr'>tot</span> <span class='ocrx_word' id='word_1_87' title='bbox 862 662 1144 722; x_wconf 81' lang='lat' dir='ltr'>deprehendit</span> <span class='ocrx_word' id='word_1_88' title='bbox 1174 663 1477 724; x_wconf 79' lang='lat' dir='ltr'>repugnantias</span> <span class='ocrx_word' id='word_1_89' title='bbox 1506 678 1615 723; x_wconf 90' lang='lat' dir='ltr'>quas</span> <span class='ocrx_word' id='word_1_90' title='bbox 1644 670 1821 716; x_wconf 86' lang='lat' dir='ltr'>vocant,</span> <span class='ocrx_word' id='word_1_91' title='bbox 1867 669 1913 709; x_wconf 89' lang='lat' dir='ltr'>ut</span> <span class='ocrx_word' id='word_1_92' title='bbox 1941 660 2140 715; x_wconf 88' lang='lat' dir='ltr'>Iliadem,</span> <span class='ocrx_word' id='word_1_93' title='bbox 2177 663 2347 724; x_wconf 90' lang='lat' dir='ltr'>qualem</span> <span class='ocrx_word' id='word_1_94' title='bbox 2377 662 2549 726; x_wconf 88' lang='lat' dir='ltr'>quidem</span> <span class='ocrx_word' id='word_1_95' title='bbox 2580 679 2695 711; x_wconf 89' lang='lat' dir='ltr'>nunc</span> 
     </span>
     <span class='ocr_line' id='line_1_9' title="bbox 193 730 2695 795; baseline 0 -16"><span class='ocrx_word' id='word_1_96' title='bbox 193 733 420 788; x_wconf 89' lang='lat' dir='ltr'>habemus,</span> <span class='ocrx_word' id='word_1_97' title='bbox 445 750 581 795; x_wconf 89' lang='lat' dir='ltr'>neque</span> <span class='ocrx_word' id='word_1_98' title='bbox 612 733 738 777; x_wconf 89' lang='lat' dir='ltr'>unius</span> <span class='ocrx_word' id='word_1_99' title='bbox 769 739 921 793; x_wconf 72' lang='lat' dir='ltr'>poetae</span> <span class='ocrx_word' id='word_1_100' title='bbox 951 747 1090 795; x_wconf 86' lang='lat' dir='ltr'>neque</span> <span class='ocrx_word' id='word_1_101' title='bbox 1121 733 1247 777; x_wconf 90' lang='lat' dir='ltr'>unius</span> <span class='ocrx_word' id='word_1_102' title='bbox 1277 732 1425 777; x_wconf 88' lang='lat' dir='ltr'>aetatis</span> <span class='ocrx_word' id='word_1_103' title='bbox 1455 747 1550 777; x_wconf 91' lang='lat' dir='ltr'>esse</span> <span class='ocrx_word' id='word_1_104' title='bbox 1581 747 1706 791; x_wconf 90' lang='lat' dir='ltr'>opus,</span> <span class='ocrx_word' id='word_1_105' title='bbox 1728 730 1804 776; x_wconf 88' lang='lat' dir='ltr'>sed</span> <span class='ocrx_word' id='word_1_106' title='bbox 1832 747 1856 776; x_wconf 90' lang='lat' dir='ltr'>a</span> <span class='ocrx_word' id='word_1_107' title='bbox 1889 730 2081 792; x_wconf 91' lang='lat' dir='ltr'>pluribus</span> <span class='ocrx_word' id='word_1_108' title='bbox 2112 732 2250 792; x_wconf 69' lang='lat' dir='ltr'>poetis</span> <span class='ocrx_word' id='word_1_109' title='bbox 2278 748 2415 795; x_wconf 86' lang='lat' dir='ltr'>neque</span> <span class='ocrx_word' id='word_1_110' title='bbox 2445 748 2529 779; x_wconf 89' lang='lat' dir='ltr'>una</span> <span class='ocrx_word' id='word_1_111' title='bbox 2558 738 2695 779; x_wconf 86' lang='lat' dir='ltr'>aetate</span> 
     </span>
     <span class='ocr_line' id='line_1_10' title="bbox 193 800 1240 848; baseline -0.001 0"><span class='ocrx_word' id='word_1_112' title='bbox 193 819 291 848; x_wconf 90' lang='lat' dir='ltr'>esse</span> <span class='ocrx_word' id='word_1_113' title='bbox 325 803 566 848; x_wconf 78' lang='lat' dir='ltr'>consectam</span> <span class='ocrx_word' id='word_1_114' title='bbox 599 803 692 847; x_wconf 90' lang='lat' dir='ltr'>luce</span> <span class='ocrx_word' id='word_1_115' title='bbox 724 802 881 846; x_wconf 87' lang='lat' dir='ltr'>clarius</span> <span class='ocrx_word' id='word_1_116' title='bbox 911 816 1008 846; x_wconf 92' lang='lat' dir='ltr'>esse</span> <span class='ocrx_word' id='word_1_117' title='bbox 1037 800 1240 847; x_wconf 87' lang='lat' dir='ltr'>videatur.</span> 
     </span>
    </p>

    <p class='ocr_par' dir='ltr' id='par_1_3' title="bbox 192 869 2698 2243">
     <span class='ocr_line' id='line_1_11' title="bbox 404 869 2696 932; baseline -0 -15"><span class='ocrx_word' id='word_1_118' title='bbox 404 872 592 917; x_wconf 87' lang='lat' dir='ltr'>Fuerunt</span> <span class='ocrx_word' id='word_1_119' title='bbox 621 870 792 932; x_wconf 91' lang='lat' dir='ltr'>quidem</span> <span class='ocrx_word' id='word_1_120' title='bbox 835 871 908 931; x_wconf 90' lang='lat' dir='ltr'>qui</span> <span class='ocrx_word' id='word_1_121' title='bbox 939 869 1246 916; x_wconf 76' lang='lat' dir='ltr'>contenderent</span> <span class='ocrx_word' id='word_1_122' title='bbox 1283 877 1324 915; x_wconf 88' lang='lat' dir='ltr'>et</span> <span class='ocrx_word' id='word_1_123' title='bbox 1361 876 1638 931; x_wconf 88' lang='lat' dir='ltr'>quererentur</span> <span class='ocrx_word' id='word_1_124' title='bbox 1686 870 1747 927; x_wconf 87' lang='lat' dir='ltr'>(id</span> <span class='ocrx_word' id='word_1_125' title='bbox 1778 869 1894 929; x_wconf 90' lang='lat' dir='ltr'>quod</span> <span class='ocrx_word' id='word_1_126' title='bbox 1926 871 2009 915; x_wconf 88' lang='lat' dir='ltr'>iam</span> <span class='ocrx_word' id='word_1_127' title='bbox 2040 869 2105 916; x_wconf 80' lang='lat' dir='ltr'>Fr.</span> <span class='ocrx_word' id='word_1_128' title='bbox 2137 872 2185 917; x_wconf 82' lang='lat' dir='ltr'>A.</span> <span class='ocrx_word' id='word_1_129' title='bbox 2219 871 2370 916; x_wconf 80' lang='lat' dir='ltr'>Wolfio</span> <span class='ocrx_word' id='word_1_130' title='bbox 2410 872 2575 917; x_wconf 87' lang='lat' dir='ltr'>crimini</span> <span class='ocrx_word' id='word_1_131' title='bbox 2604 879 2696 917; x_wconf 91' lang='lat' dir='ltr'>erat</span> 
     </span>
     <span class='ocr_line' id='line_1_12' title="bbox 192 937 2693 1000; baseline 0 -15"><span class='ocrx_word' id='word_1_132' title='bbox 192 940 357 999; x_wconf 85' lang='lat' dir='ltr'>datum)</span> <span class='ocrx_word' id='word_1_133' title='bbox 391 942 477 985; x_wconf 87' lang='lat' dir='ltr'>iam</span> <span class='ocrx_word' id='word_1_134' title='bbox 509 956 678 985; x_wconf 88' lang='lat' dir='ltr'>sacmm</span> <span class='ocrx_word' id='word_1_135' title='bbox 712 938 810 984; x_wconf 89' lang='lat' dir='ltr'>illud</span> <span class='ocrx_word' id='word_1_136' title='bbox 841 939 1015 985; x_wconf 84' lang='lat' dir='ltr'>Homeri</span> <span class='ocrx_word' id='word_1_137' title='bbox 1044 942 1167 1000; x_wconf 88' lang='lat' dir='ltr'>quasi</span> <span class='ocrx_word' id='word_1_138' title='bbox 1197 954 1355 1000; x_wconf 87' lang='lat' dir='ltr'>corpus</span> <span class='ocrx_word' id='word_1_139' title='bbox 1385 938 1575 984; x_wconf 90' lang='lat' dir='ltr'>dilaniari</span> <span class='ocrx_word' id='word_1_140' title='bbox 1603 944 1730 999; x_wconf 87' lang='lat' dir='ltr'>atque</span> <span class='ocrx_word' id='word_1_141' title='bbox 1758 937 1964 999; x_wconf 75' lang='lat' dir='ltr'>discerpi,</span> <span class='ocrx_word' id='word_1_142' title='bbox 1993 940 2077 985; x_wconf 88' lang='lat' dir='ltr'>iam</span> <span class='ocrx_word' id='word_1_143' title='bbox 2108 955 2279 985; x_wconf 91' lang='lat' dir='ltr'>carmen</span> <span class='ocrx_word' id='word_1_144' title='bbox 2311 940 2413 985; x_wconf 89' lang='lat' dir='ltr'>illud</span> <span class='ocrx_word' id='word_1_145' title='bbox 2444 940 2693 1000; x_wconf 86' lang='lat' dir='ltr'>praeclaris·</span> 
     </span>
     <span class='ocr_line' id='line_1_13' title="bbox 193 1006 2696 1071; baseline -0.001 -15"><span class='ocrx_word' id='word_1_146' title='bbox 193 1011 374 1062; x_wconf 87' lang='lat' dir='ltr'>simum,</span> <span class='ocrx_word' id='word_1_147' title='bbox 406 1025 492 1070; x_wconf 91' lang='lat' dir='ltr'>quo</span> <span class='ocrx_word' id='word_1_148' title='bbox 525 1025 602 1069; x_wconf 90' lang='lat' dir='ltr'>per</span> <span class='ocrx_word' id='word_1_149' title='bbox 632 1014 693 1053; x_wconf 89' lang='lat' dir='ltr'>tot</span> <span class='ocrx_word' id='word_1_150' title='bbox 723 1007 890 1053; x_wconf 88' lang='lat' dir='ltr'>saecula</span> <span class='ocrx_word' id='word_1_151' title='bbox 922 1024 1091 1053; x_wconf 88' lang='lat' dir='ltr'>summa</span> <span class='ocrx_word' id='word_1_152' title='bbox 1122 1007 1185 1053; x_wconf 86' lang='lat' dir='ltr'>vel</span> <span class='ocrx_word' id='word_1_153' title='bbox 1215 1008 1443 1068; x_wconf 85' lang='lat' dir='ltr'>legentium</span> <span class='ocrx_word' id='word_1_154' title='bbox 1474 1008 1538 1053; x_wconf 83' lang='lat' dir='ltr'>vel</span> <span class='ocrx_word' id='word_1_155' title='bbox 1570 1006 1828 1052; x_wconf 88' lang='lat' dir='ltr'>audientium</span> <span class='ocrx_word' id='word_1_156' title='bbox 1859 1008 2040 1053; x_wconf 85' lang='lat' dir='ltr'>excitata</span> <span class='ocrx_word' id='word_1_157' title='bbox 2071 1014 2185 1054; x_wconf 86' lang='lat' dir='ltr'>esset</span> <span class='ocrx_word' id='word_1_158' title='bbox 2214 1008 2458 1061; x_wconf 87' lang='lat' dir='ltr'>admiratio,</span> <span class='ocrx_word' id='word_1_159' title='bbox 2488 1007 2604 1071; x_wconf 91' lang='lat' dir='ltr'>quod</span> <span class='ocrx_word' id='word_1_160' title='bbox 2635 1016 2696 1054; x_wconf 90' lang='lat' dir='ltr'>tot</span> 
     </span>
     <span class='ocr_line' id='line_1_14' title="bbox 195 1075 2696 1139; baseline -0 -15"><span class='ocrx_word' id='word_1_161' title='bbox 195 1078 396 1124; x_wconf 87' lang='lat' dir='ltr'>homines</span> <span class='ocrx_word' id='word_1_162' title='bbox 427 1086 469 1123; x_wconf 87' lang='lat' dir='ltr'>et</span> <span class='ocrx_word' id='word_1_163' title='bbox 507 1078 589 1139; x_wconf 88' lang='lat' dir='ltr'>ipsi</span> <span class='ocrx_word' id='word_1_164' title='bbox 621 1077 790 1137; x_wconf 85' lang='lat' dir='ltr'>ingenio</span> <span class='ocrx_word' id='word_1_165' title='bbox 821 1075 1000 1137; x_wconf 88' lang='lat' dir='ltr'>praediti</span> <span class='ocrx_word' id='word_1_166' title='bbox 1031 1084 1077 1122; x_wconf 89' lang='lat' dir='ltr'>ut</span> <span class='ocrx_word' id='word_1_167' title='bbox 1107 1076 1342 1123; x_wconf 89' lang='lat' dir='ltr'>absolutum</span> <span class='ocrx_word' id='word_1_168' title='bbox 1373 1082 1416 1122; x_wconf 91' lang='lat' dir='ltr'>et</span> <span class='ocrx_word' id='word_1_169' title='bbox 1445 1077 1677 1137; x_wconf 73' lang='lat' dir='ltr'>perfectum</span> <span class='ocrx_word' id='word_1_170' title='bbox 1709 1079 1855 1137; x_wconf 88' lang='lat' dir='ltr'>poesis</span> <span class='ocrx_word' id='word_1_171' title='bbox 1885 1077 2034 1137; x_wconf 84' lang='lat' dir='ltr'>epicae</span> <span class='ocrx_word' id='word_1_172' title='bbox 2060 1077 2277 1138; x_wconf 81' lang='lat' dir='ltr'>exemplar</span> <span class='ocrx_word' id='word_1_173' title='bbox 2297 1079 2475 1123; x_wconf 89' lang='lat' dir='ltr'>summis</span> <span class='ocrx_word' id='word_1_174' title='bbox 2499 1077 2696 1123; x_wconf 87' lang='lat' dir='ltr'>laudibus</span> 
     </span>
     <span class='ocr_line' id='line_1_15' title="bbox 194 1145 2698 1209; baseline -0 -16"><span class='ocrx_word' id='word_1_175' title='bbox 194 1148 404 1202; x_wconf 86' lang='lat' dir='ltr'>tulissent,</span> <span class='ocrx_word' id='word_1_176' title='bbox 430 1148 581 1194; x_wconf 85' lang='lat' dir='ltr'>elevari</span> <span class='ocrx_word' id='word_1_177' title='bbox 613 1155 654 1192; x_wconf 90' lang='lat' dir='ltr'>et</span> <span class='ocrx_word' id='word_1_178' title='bbox 684 1147 924 1201; x_wconf 85' lang='lat' dir='ltr'>extenuari,</span> <span class='ocrx_word' id='word_1_179' title='bbox 946 1147 1031 1192; x_wconf 89' lang='lat' dir='ltr'>iam</span> <span class='ocrx_word' id='word_1_180' title='bbox 1061 1153 1152 1192; x_wconf 88' lang='lat' dir='ltr'>arte</span> <span class='ocrx_word' id='word_1_181' title='bbox 1183 1147 1262 1192; x_wconf 89' lang='lat' dir='ltr'>ista</span> <span class='ocrx_word' id='word_1_182' title='bbox 1293 1146 1435 1192; x_wconf 85' lang='lat' dir='ltr'>critice</span> <span class='ocrx_word' id='word_1_183' title='bbox 1466 1161 1614 1206; x_wconf 90' lang='lat' dir='ltr'>puram</span> <span class='ocrx_word' id='word_1_184' title='bbox 1646 1145 1754 1191; x_wconf 90' lang='lat' dir='ltr'>illam</span> <span class='ocrx_word' id='word_1_185' title='bbox 1785 1151 1912 1207; x_wconf 90' lang='lat' dir='ltr'>atque</span> <span class='ocrx_word' id='word_1_186' title='bbox 1943 1147 2152 1193; x_wconf 87' lang='lat' dir='ltr'>sinceram</span> <span class='ocrx_word' id='word_1_187' title='bbox 2184 1146 2522 1204; x_wconf 72' lang='lat' dir='ltr'>admirationem,</span> <span class='ocrx_word' id='word_1_188' title='bbox 2541 1163 2625 1209; x_wconf 90' lang='lat' dir='ltr'>qua</span> <span class='ocrx_word' id='word_1_189' title='bbox 2655 1154 2698 1193; x_wconf 88' lang='lat' dir='ltr'>et</span> 
     </span>
     <span class='ocr_line' id='line_1_16' title="bbox 194 1215 2693 1276; baseline -0.001 -13"><span class='ocrx_word' id='word_1_190' title='bbox 194 1217 344 1263; x_wconf 87' lang='lat' dir='ltr'>Graeci</span> <span class='ocrx_word' id='word_1_191' title='bbox 375 1233 526 1262; x_wconf 88' lang='lat' dir='ltr'>omnes</span> <span class='ocrx_word' id='word_1_192' title='bbox 557 1224 598 1261; x_wconf 88' lang='lat' dir='ltr'>et</span> <span class='ocrx_word' id='word_1_193' title='bbox 629 1224 691 1261; x_wconf 88' lang='lat' dir='ltr'>tot</span> <span class='ocrx_word' id='word_1_194' title='bbox 722 1216 899 1260; x_wconf 88' lang='lat' dir='ltr'>aliarum</span> <span class='ocrx_word' id='word_1_195' title='bbox 933 1216 1120 1276; x_wconf 77' lang='lat' dir='ltr'>gentium</span> <span class='ocrx_word' id='word_1_196' title='bbox 1154 1216 1348 1261; x_wconf 88' lang='lat' dir='ltr'>homines</span> <span class='ocrx_word' id='word_1_197' title='bbox 1379 1216 1566 1260; x_wconf 87' lang='lat' dir='ltr'>divinum</span> <span class='ocrx_word' id='word_1_198' title='bbox 1598 1215 1711 1261; x_wconf 88' lang='lat' dir='ltr'>illum</span> <span class='ocrx_word' id='word_1_199' title='bbox 1743 1221 1912 1275; x_wconf 74' lang='lat' dir='ltr'>poetam</span> <span class='ocrx_word' id='word_1_200' title='bbox 1944 1215 2255 1270; x_wconf 71' lang='lat' dir='ltr'>celebrassent,</span> <span class='ocrx_word' id='word_1_201' title='bbox 2288 1217 2540 1262; x_wconf 86' lang='lat' dir='ltr'>exstinctam</span> <span class='ocrx_word' id='word_1_202' title='bbox 2580 1215 2693 1261; x_wconf 91' lang='lat' dir='ltr'>dele·</span> 
     </span>
     <span class='ocr_line' id='line_1_17' title="bbox 192 1285 2698 1348; baseline -0 -18"><span class='ocrx_word' id='word_1_203' title='bbox 192 1293 388 1348; x_wconf 90' lang='lat' dir='ltr'>tamque,</span> <span class='ocrx_word' id='word_1_204' title='bbox 429 1286 586 1330; x_wconf 90' lang='lat' dir='ltr'>nullum</span> <span class='ocrx_word' id='word_1_205' title='bbox 635 1286 722 1329; x_wconf 83' lang='lat' dir='ltr'>sere</span> <span class='ocrx_word' id='word_1_206' title='bbox 754 1300 849 1329; x_wconf 83' lang='lat' dir='ltr'>esse</span> <span class='ocrx_word' id='word_1_207' title='bbox 880 1299 1073 1336; x_wconf 86' lang='lat' dir='ltr'>versum,</span> <span class='ocrx_word' id='word_1_208' title='bbox 1105 1286 1145 1329; x_wconf 91' lang='lat' dir='ltr'>in</span> <span class='ocrx_word' id='word_1_209' title='bbox 1173 1299 1259 1345; x_wconf 90' lang='lat' dir='ltr'>quc</span> <span class='ocrx_word' id='word_1_210' title='bbox 1290 1299 1373 1329; x_wconf 90' lang='lat' dir='ltr'>non</span> <span class='ocrx_word' id='word_1_211' title='bbox 1406 1285 1542 1329; x_wconf 88' lang='lat' dir='ltr'>critici</span> <span class='ocrx_word' id='word_1_212' title='bbox 1574 1285 1643 1328; x_wconf 88' lang='lat' dir='ltr'>isti</span> <span class='ocrx_word' id='word_1_213' title='bbox 1673 1285 1802 1328; x_wconf 91' lang='lat' dir='ltr'>nimio</span> <span class='ocrx_word' id='word_1_214' title='bbox 1833 1285 2029 1328; x_wconf 90' lang='lat' dir='ltr'>nimirum</span> <span class='ocrx_word' id='word_1_215' title='bbox 2063 1291 2189 1346; x_wconf 84' lang='lat' dir='ltr'>atque</span> <span class='ocrx_word' id='word_1_216' title='bbox 2223 1286 2404 1330; x_wconf 89' lang='lat' dir='ltr'>molesto</span> <span class='ocrx_word' id='word_1_217' title='bbox 2434 1285 2698 1346; x_wconf 80' lang='lat' dir='ltr'>vituperandi</span> 
     </span>
     <span class='ocr_line' id='line_1_18' title="bbox 196 1352 2697 1412; baseline -0.001 -12"><span class='ocrx_word' id='word_1_218' title='bbox 196 1354 339 1401; x_wconf 87' lang='lat' dir='ltr'>studio</span> <span class='ocrx_word' id='word_1_219' title='bbox 371 1355 485 1399; x_wconf 89' lang='lat' dir='ltr'>ducti</span> <span class='ocrx_word' id='word_1_220' title='bbox 517 1355 605 1398; x_wconf 85' lang='lat' dir='ltr'>sive</span> <span class='ocrx_word' id='word_1_221' title='bbox 638 1353 718 1398; x_wconf 92' lang='lat' dir='ltr'>hoc</span> <span class='ocrx_word' id='word_1_222' title='bbox 749 1354 837 1398; x_wconf 85' lang='lat' dir='ltr'>sive</span> <span class='ocrx_word' id='word_1_223' title='bbox 869 1353 936 1397; x_wconf 91' lang='lat' dir='ltr'>illo</span> <span class='ocrx_word' id='word_1_224' title='bbox 966 1352 1175 1398; x_wconf 85' lang='lat' dir='ltr'>vocabulo</span> <span class='ocrx_word' id='word_1_225' title='bbox 1206 1352 1539 1405; x_wconf 76' lang='lat' dir='ltr'>offenderentur,</span> <span class='ocrx_word' id='word_1_226' title='bbox 1585 1359 1805 1412; x_wconf 89' lang='lat' dir='ltr'>praeterea</span> <span class='ocrx_word' id='word_1_227' title='bbox 1847 1353 2017 1397; x_wconf 83' lang='lat' dir='ltr'>criticos</span> <span class='ocrx_word' id='word_1_228' title='bbox 2055 1353 2158 1397; x_wconf 91' lang='lat' dir='ltr'>istos</span> <span class='ocrx_word' id='word_1_229' title='bbox 2197 1352 2310 1397; x_wconf 87' lang='lat' dir='ltr'>haud</span> <span class='ocrx_word' id='word_1_230' title='bbox 2341 1368 2437 1398; x_wconf 92' lang='lat' dir='ltr'>raro</span> <span class='ocrx_word' id='word_1_231' title='bbox 2468 1354 2573 1398; x_wconf 89' lang='lat' dir='ltr'>alios</span> <span class='ocrx_word' id='word_1_232' title='bbox 2603 1354 2697 1398; x_wconf 90' lang='lat' dir='ltr'>aliis</span> 
     </span>
     <span class='ocr_line' id='line_1_19' title="bbox 192 1420 2695 1485; baseline -0.001 -17"><span class='ocrx_word' id='word_1_233' title='bbox 192 1438 438 1484; x_wconf 80' lang='lat' dir='ltr'>repugnare</span> <span class='ocrx_word' id='word_1_234' title='bbox 470 1438 607 1485; x_wconf 89' lang='lat' dir='ltr'>neque</span> <span class='ocrx_word' id='word_1_235' title='bbox 640 1424 749 1466; x_wconf 90' lang='lat' dir='ltr'>inter</span> <span class='ocrx_word' id='word_1_236' title='bbox 785 1437 862 1466; x_wconf 88' lang='lat' dir='ltr'>eos</span> <span class='ocrx_word' id='word_1_237' title='bbox 902 1423 1154 1475; x_wconf 82' lang='lat' dir='ltr'>convenire,</span> <span class='ocrx_word' id='word_1_238' title='bbox 1187 1423 1290 1481; x_wconf 88' lang='lat' dir='ltr'>quid</span> <span class='ocrx_word' id='word_1_239' title='bbox 1322 1421 1373 1465; x_wconf 92' lang='lat' dir='ltr'>de</span> <span class='ocrx_word' id='word_1_240' title='bbox 1404 1423 1574 1480; x_wconf 80' lang='lat' dir='ltr'>magnis</span> <span class='ocrx_word' id='word_1_241' title='bbox 1606 1422 1685 1465; x_wconf 87' lang='lat' dir='ltr'>illis</span> <span class='ocrx_word' id='word_1_242' title='bbox 1715 1420 2059 1476; x_wconf 82' lang='lat' dir='ltr'>difficultatibus,</span> <span class='ocrx_word' id='word_1_243' title='bbox 2098 1437 2207 1480; x_wconf 89' lang='lat' dir='ltr'>quas</span> <span class='ocrx_word' id='word_1_244' title='bbox 2248 1423 2290 1466; x_wconf 88' lang='lat' dir='ltr'>in</span> <span class='ocrx_word' id='word_1_245' title='bbox 2322 1421 2580 1467; x_wconf 87' lang='lat' dir='ltr'>carminibus</span> <span class='ocrx_word' id='word_1_246' title='bbox 2610 1437 2695 1466; x_wconf 92' lang='lat' dir='ltr'>non</span> 
     </span>
     <span class='ocr_line' id='line_1_20' title="bbox 193 1488 2694 1551; baseline -0.001 -14"><span class='ocrx_word' id='word_1_247' title='bbox 193 1493 475 1546; x_wconf 80' lang='lat' dir='ltr'>invenissent,</span> <span class='ocrx_word' id='word_1_248' title='bbox 508 1492 586 1536; x_wconf 89' lang='lat' dir='ltr'>sed</span> <span class='ocrx_word' id='word_1_249' title='bbox 617 1493 698 1551; x_wconf 90' lang='lat' dir='ltr'>ipsi</span> <span class='ocrx_word' id='word_1_250' title='bbox 729 1491 838 1535; x_wconf 91' lang='lat' dir='ltr'>ultro</span> <span class='ocrx_word' id='word_1_251' title='bbox 869 1492 1152 1545; x_wconf 76' lang='lat' dir='ltr'>invexissent,</span> <span class='ocrx_word' id='word_1_252' title='bbox 1185 1497 1299 1535; x_wconf 85' lang='lat' dir='ltr'>esset</span> <span class='ocrx_word' id='word_1_253' title='bbox 1328 1489 1613 1534; x_wconf 87' lang='lat' dir='ltr'>statuendum.</span> <span class='ocrx_word' id='word_1_254' title='bbox 1649 1492 1700 1534; x_wconf 83' lang='lat' dir='ltr'>At</span> <span class='ocrx_word' id='word_1_255' title='bbox 1729 1490 1765 1533; x_wconf 91' lang='lat' dir='ltr'>si</span> <span class='ocrx_word' id='word_1_256' title='bbox 1795 1490 2046 1533; x_wconf 83' lang='lat' dir='ltr'>sententiam</span> <span class='ocrx_word' id='word_1_257' title='bbox 2078 1488 2242 1534; x_wconf 89' lang='lat' dir='ltr'>illorum</span> <span class='ocrx_word' id='word_1_258' title='bbox 2275 1490 2518 1535; x_wconf 88' lang='lat' dir='ltr'>criticorum</span> <span class='ocrx_word' id='word_1_259' title='bbox 2549 1506 2694 1535; x_wconf 87' lang='lat' dir='ltr'>veram</span> 
     </span>
     <span class='ocr_line' id='line_1_21' title="bbox 194 1557 2697 1622; baseline -0.002 -15"><span class='ocrx_word' id='word_1_260' title='bbox 194 1577 292 1607; x_wconf 85' lang='lat' dir='ltr'>esse</span> <span class='ocrx_word' id='word_1_261' title='bbox 323 1567 449 1622; x_wconf 88' lang='lat' dir='ltr'>atque</span> <span class='ocrx_word' id='word_1_262' title='bbox 481 1568 641 1606; x_wconf 89' lang='lat' dir='ltr'>rectam</span> <span class='ocrx_word' id='word_1_263' title='bbox 672 1561 752 1605; x_wconf 88' lang='lat' dir='ltr'>erit</span> <span class='ocrx_word' id='word_1_264' title='bbox 783 1559 1139 1614; x_wconf 89' lang='lat' dir='ltr'>demonstratum,</span> <span class='ocrx_word' id='word_1_265' title='bbox 1169 1575 1308 1605; x_wconf 91' lang='lat' dir='ltr'>nonne</span> <span class='ocrx_word' id='word_1_266' title='bbox 1339 1560 1518 1612; x_wconf 86' lang='lat' dir='ltr'>veritas,</span> <span class='ocrx_word' id='word_1_267' title='bbox 1549 1559 1742 1619; x_wconf 86' lang='lat' dir='ltr'>quamvis</span> <span class='ocrx_word' id='word_1_268' title='bbox 1774 1559 1828 1603; x_wconf 87' lang='lat' dir='ltr'>sit</span> <span class='ocrx_word' id='word_1_269' title='bbox 1857 1557 2037 1604; x_wconf 84' lang='lat' dir='ltr'>molesta</span> <span class='ocrx_word' id='word_1_270' title='bbox 2067 1565 2110 1603; x_wconf 87' lang='lat' dir='ltr'>et</span> <span class='ocrx_word' id='word_1_271' title='bbox 2138 1558 2306 1613; x_wconf 87' lang='lat' dir='ltr'>odiosa,</span> <span class='ocrx_word' id='word_1_272' title='bbox 2327 1558 2600 1619; x_wconf 78' lang='lat' dir='ltr'>agnoscenda</span> <span class='ocrx_word' id='word_1_273' title='bbox 2630 1565 2697 1604; x_wconf 88' lang='lat' dir='ltr'>est</span> 
     </span>
     <span class='ocr_line' id='line_1_22' title="bbox 196 1626 2696 1691; baseline -0.002 -14"><span class='ocrx_word' id='word_1_274' title='bbox 196 1638 326 1691; x_wconf 90' lang='lat' dir='ltr'>atque</span> <span class='ocrx_word' id='word_1_275' title='bbox 357 1630 704 1691; x_wconf 73' lang='lat' dir='ltr'>comprobanda?</span> <span class='ocrx_word' id='word_1_276' title='bbox 765 1629 906 1683; x_wconf 65' lang='lat' dir='ltr'>Quid?</span> <span class='ocrx_word' id='word_1_277' title='bbox 972 1629 1087 1690; x_wconf 88' lang='lat' dir='ltr'>quod</span> <span class='ocrx_word' id='word_1_278' title='bbox 1119 1630 1146 1674; x_wconf 91' lang='lat' dir='ltr'>ii</span> <span class='ocrx_word' id='word_1_279' title='bbox 1178 1630 1257 1690; x_wconf 90' lang='lat' dir='ltr'>ipsi</span> <span class='ocrx_word' id='word_1_280' title='bbox 1288 1630 1358 1691; x_wconf 89' lang='lat' dir='ltr'>qui</span> <span class='ocrx_word' id='word_1_281' title='bbox 1389 1627 1598 1674; x_wconf 88' lang='lat' dir='ltr'>eiusmodi</span> <span class='ocrx_word' id='word_1_282' title='bbox 1634 1628 1948 1673; x_wconf 84' lang='lat' dir='ltr'>criminationes</span> <span class='ocrx_word' id='word_1_283' title='bbox 1987 1628 2028 1672; x_wconf 89' lang='lat' dir='ltr'>in</span> <span class='ocrx_word' id='word_1_284' title='bbox 2060 1626 2330 1674; x_wconf 85' lang='lat' dir='ltr'>adversarios</span> <span class='ocrx_word' id='word_1_285' title='bbox 2359 1629 2605 1686; x_wconf 72' lang='lat' dir='ltr'>conferunt,</span> <span class='ocrx_word' id='word_1_286' title='bbox 2653 1635 2696 1675; x_wconf 85' lang='lat' dir='ltr'>et</span> 
     </span>
     <span class='ocr_line' id='line_1_23' title="bbox 201 1697 2693 1761; baseline -0 -15"><span class='ocrx_word' id='word_1_287' title='bbox 201 1702 283 1761; x_wconf 85' lang='lat' dir='ltr'>ipsi</span> <span class='ocrx_word' id='word_1_288' title='bbox 307 1701 450 1745; x_wconf 86' lang='lat' dir='ltr'>multis</span> <span class='ocrx_word' id='word_1_289' title='bbox 471 1700 576 1746; x_wconf 89' lang='lat' dir='ltr'>locis</span> <span class='ocrx_word' id='word_1_290' title='bbox 606 1699 971 1761; x_wconf 81' lang='lat' dir='ltr'>interpolationes,</span> <span class='ocrx_word' id='word_1_291' title='bbox 1000 1714 1108 1760; x_wconf 89' lang='lat' dir='ltr'>quas</span> <span class='ocrx_word' id='word_1_292' title='bbox 1137 1701 1266 1759; x_wconf 79' lang='lat' dir='ltr'>vulgo</span> <span class='ocrx_word' id='word_1_293' title='bbox 1296 1706 1469 1751; x_wconf 88' lang='lat' dir='ltr'>vocant,</span> <span class='ocrx_word' id='word_1_294' title='bbox 1501 1698 1785 1743; x_wconf 74' lang='lat' dir='ltr'>constituunt?</span> <span class='ocrx_word' id='word_1_295' title='bbox 1815 1698 1932 1759; x_wconf 88' lang='lat' dir='ltr'>quod</span> <span class='ocrx_word' id='word_1_296' title='bbox 1964 1697 2028 1743; x_wconf 86' lang='lat' dir='ltr'>vel</span> <span class='ocrx_word' id='word_1_297' title='bbox 2059 1698 2086 1742; x_wconf 88' lang='lat' dir='ltr'>ii</span> <span class='ocrx_word' id='word_1_298' title='bbox 2116 1698 2188 1759; x_wconf 90' lang='lat' dir='ltr'>qui</span> <span class='ocrx_word' id='word_1_299' title='bbox 2220 1699 2291 1743; x_wconf 92' lang='lat' dir='ltr'>uni</span> <span class='ocrx_word' id='word_1_300' title='bbox 2313 1697 2482 1745; x_wconf 83' lang='lat' dir='ltr'>Iliadem</span> <span class='ocrx_word' id='word_1_301' title='bbox 2506 1697 2693 1759; x_wconf 80' lang='lat' dir='ltr'>Odysse-</span> 
     </span>
     <span class='ocr_line' id='line_1_24' title="bbox 197 1766 2692 1831; baseline -0.001 -15"><span class='ocrx_word' id='word_1_302' title='bbox 197 1787 354 1831; x_wconf 88' lang='lat' dir='ltr'>amque</span> <span class='ocrx_word' id='word_1_303' title='bbox 386 1769 530 1815; x_wconf 90' lang='lat' dir='ltr'>deberi</span> <span class='ocrx_word' id='word_1_304' title='bbox 564 1776 715 1829; x_wconf 71' lang='lat' dir='ltr'>poetae</span> <span class='ocrx_word' id='word_1_305' title='bbox 747 1768 1032 1822; x_wconf 87' lang='lat' dir='ltr'>contendunt,</span> <span class='ocrx_word' id='word_1_306' title='bbox 1065 1769 1218 1814; x_wconf 84' lang='lat' dir='ltr'>multos</span> <span class='ocrx_word' id='word_1_307' title='bbox 1248 1768 1388 1818; x_wconf 77' lang='lat' dir='ltr'>delent</span> <span class='ocrx_word' id='word_1_308' title='bbox 1417 1784 1564 1813; x_wconf 83' lang='lat' dir='ltr'>versus</span> <span class='ocrx_word' id='word_1_309' title='bbox 1595 1783 1729 1829; x_wconf 91' lang='lat' dir='ltr'>neque</span> <span class='ocrx_word' id='word_1_310' title='bbox 1772 1769 1812 1811; x_wconf 88' lang='lat' dir='ltr'>in</span> <span class='ocrx_word' id='word_1_311' title='bbox 1843 1766 2224 1813; x_wconf 82' lang='lat' dir='ltr'>Alexandrinorum</span> <span class='ocrx_word' id='word_1_312' title='bbox 2263 1767 2417 1814; x_wconf 88' lang='lat' dir='ltr'>iudicio</span> <span class='ocrx_word' id='word_1_313' title='bbox 2448 1774 2576 1831; x_wconf 87' lang='lat' dir='ltr'>atque</span> <span class='ocrx_word' id='word_1_314' title='bbox 2618 1783 2692 1813; x_wconf 91' lang='lat' dir='ltr'>au-</span> 
     </span>
     <span class='ocr_line' id='line_1_25' title="bbox 196 1836 2693 1899; baseline -0 -14"><span class='ocrx_word' id='word_1_315' title='bbox 196 1841 392 1885; x_wconf 90' lang='lat' dir='ltr'>ctoritate</span> <span class='ocrx_word' id='word_1_316' title='bbox 408 1839 723 1899; x_wconf 66' lang='lat' dir='ltr'>acquiescunt?</span> <span class='ocrx_word' id='word_1_317' title='bbox 756 1838 932 1883; x_wconf 78' lang='lat' dir='ltr'>Carolus</span> <span class='ocrx_word' id='word_1_318' title='bbox 952 1853 1052 1883; x_wconf 86' lang='lat' dir='ltr'>vero</span> <span class='ocrx_word' id='word_1_319' title='bbox 1075 1837 1368 1883; x_wconf 85' lang='lat' dir='ltr'>Lachmannus</span> <span class='ocrx_word' id='word_1_320' title='bbox 1399 1845 1562 1882; x_wconf 89' lang='lat' dir='ltr'>tantum</span> <span class='ocrx_word' id='word_1_321' title='bbox 1593 1836 1736 1891; x_wconf 80' lang='lat' dir='ltr'>abluit,</span> <span class='ocrx_word' id='word_1_322' title='bbox 1753 1846 1798 1881; x_wconf 92' lang='lat' dir='ltr'>ut</span> <span class='ocrx_word' id='word_1_323' title='bbox 1829 1852 1854 1882; x_wconf 90' lang='lat' dir='ltr'>a</span> <span class='ocrx_word' id='word_1_324' title='bbox 1874 1853 1921 1882; x_wconf 85' lang='lat' dir='ltr'>se</span> <span class='ocrx_word' id='word_1_325' title='bbox 1943 1837 2100 1882; x_wconf 90' lang='lat' dir='ltr'>lumina</span> <span class='ocrx_word' id='word_1_326' title='bbox 2127 1838 2331 1883; x_wconf 84' lang='lat' dir='ltr'>carminis</span> <span class='ocrx_word' id='word_1_327' title='bbox 2361 1837 2470 1883; x_wconf 85' lang='lat' dir='ltr'>illius</span> <span class='ocrx_word' id='word_1_328' title='bbox 2501 1836 2693 1899; x_wconf 88' lang='lat' dir='ltr'>pulcher·</span> 
     </span>
     <span class='ocr_line' id='line_1_26' title="bbox 197 1906 2696 1968; baseline -0.002 -13"><span class='ocrx_word' id='word_1_329' title='bbox 197 1910 295 1955; x_wconf 90' lang='lat' dir='ltr'>rimi</span> <span class='ocrx_word' id='word_1_330' title='bbox 328 1908 558 1955; x_wconf 85' lang='lat' dir='ltr'>obscurata</span> <span class='ocrx_word' id='word_1_331' title='bbox 590 1915 715 1968; x_wconf 87' lang='lat' dir='ltr'>atque</span> <span class='ocrx_word' id='word_1_332' title='bbox 748 1910 957 1953; x_wconf 84' lang='lat' dir='ltr'>exstincta</span> <span class='ocrx_word' id='word_1_333' title='bbox 988 1922 1084 1953; x_wconf 87' lang='lat' dir='ltr'>esse</span> <span class='ocrx_word' id='word_1_334' title='bbox 1117 1914 1296 1967; x_wconf 88' lang='lat' dir='ltr'>putaret,</span> <span class='ocrx_word' id='word_1_335' title='bbox 1315 1915 1358 1952; x_wconf 92' lang='lat' dir='ltr'>ut</span> <span class='ocrx_word' id='word_1_336' title='bbox 1390 1914 1536 1952; x_wconf 88' lang='lat' dir='ltr'>contra</span> <span class='ocrx_word' id='word_1_337' title='bbox 1569 1906 1694 1953; x_wconf 88' lang='lat' dir='ltr'>multo</span> <span class='ocrx_word' id='word_1_338' title='bbox 1727 1906 1928 1952; x_wconf 87' lang='lat' dir='ltr'>clariores</span> <span class='ocrx_word' id='word_1_339' title='bbox 1958 1906 2134 1952; x_wconf 86' lang='lat' dir='ltr'>virtutes</span> <span class='ocrx_word' id='word_1_340' title='bbox 2151 1907 2194 1950; x_wconf 90' lang='lat' dir='ltr'>in</span> <span class='ocrx_word' id='word_1_341' title='bbox 2227 1906 2404 1967; x_wconf 77' lang='lat' dir='ltr'>singulis</span> <span class='ocrx_word' id='word_1_342' title='bbox 2435 1906 2516 1952; x_wconf 88' lang='lat' dir='ltr'>illis</span> <span class='ocrx_word' id='word_1_343' title='bbox 2546 1907 2696 1952; x_wconf 84' lang='lat' dir='ltr'>carmi·</span> 
     </span>
     <span class='ocr_line' id='line_1_27' title="bbox 194 1974 2694 2037; baseline -0.001 -13"><span class='ocrx_word' id='word_1_344' title='bbox 194 1978 322 2025; x_wconf 84' lang='lat' dir='ltr'>nibus</span> <span class='ocrx_word' id='word_1_345' title='bbox 353 1979 494 2023; x_wconf 88' lang='lat' dir='ltr'>inesse</span> <span class='ocrx_word' id='word_1_346' title='bbox 528 1984 715 2037; x_wconf 83' lang='lat' dir='ltr'>putaret;</span> <span class='ocrx_word' id='word_1_347' title='bbox 762 1984 925 2020; x_wconf 91' lang='lat' dir='ltr'>tantum</span> <span class='ocrx_word' id='word_1_348' title='bbox 959 1975 1092 2021; x_wconf 77' lang='lat' dir='ltr'>abluit</span> <span class='ocrx_word' id='word_1_349' title='bbox 1124 1985 1169 2020; x_wconf 91' lang='lat' dir='ltr'>ut</span> <span class='ocrx_word' id='word_1_350' title='bbox 1200 1978 1410 2036; x_wconf 87' lang='lat' dir='ltr'>principes</span> <span class='ocrx_word' id='word_1_351' title='bbox 1443 1977 1534 2020; x_wconf 87' lang='lat' dir='ltr'>illos</span> <span class='ocrx_word' id='word_1_352' title='bbox 1566 1983 1714 2036; x_wconf 85' lang='lat' dir='ltr'>poetas</span> <span class='ocrx_word' id='word_1_353' title='bbox 1745 1974 1999 2030; x_wconf 86' lang='lat' dir='ltr'>minoribus,</span> <span class='ocrx_word' id='word_1_354' title='bbox 2029 1991 2158 2036; x_wconf 88' lang='lat' dir='ltr'>quam</span> <span class='ocrx_word' id='word_1_355' title='bbox 2188 1976 2342 2037; x_wconf 87' lang='lat' dir='ltr'>quibus</span> <span class='ocrx_word' id='word_1_356' title='bbox 2373 1983 2470 2020; x_wconf 90' lang='lat' dir='ltr'>ante</span> <span class='ocrx_word' id='word_1_357' title='bbox 2495 1975 2694 2021; x_wconf 86' lang='lat' dir='ltr'>celebrati</span> 
     </span>
     <span class='ocr_line' id='line_1_28' title="bbox 195 2044 2695 2106; baseline -0.002 -13"><span class='ocrx_word' id='word_1_358' title='bbox 195 2053 335 2101; x_wconf 79' lang='lat' dir='ltr'>erant,</span> <span class='ocrx_word' id='word_1_359' title='bbox 366 2045 562 2090; x_wconf 86' lang='lat' dir='ltr'>laudibus</span> <span class='ocrx_word' id='word_1_360' title='bbox 594 2047 751 2104; x_wconf 85' lang='lat' dir='ltr'>dignos</span> <span class='ocrx_word' id='word_1_361' title='bbox 781 2060 879 2089; x_wconf 86' lang='lat' dir='ltr'>esse</span> <span class='ocrx_word' id='word_1_362' title='bbox 910 2044 1208 2096; x_wconf 85' lang='lat' dir='ltr'>arbitraretur,</span> <span class='ocrx_word' id='word_1_363' title='bbox 1250 2054 1293 2088; x_wconf 86' lang='lat' dir='ltr'>ut</span> <span class='ocrx_word' id='word_1_364' title='bbox 1324 2045 1662 2105; x_wconf 86' lang='lat' dir='ltr'>praeclarissimo</span> <span class='ocrx_word' id='word_1_365' title='bbox 1695 2044 1745 2085; x_wconf 87' lang='lat' dir='ltr'>illi</span> <span class='ocrx_word' id='word_1_366' title='bbox 1776 2045 1951 2086; x_wconf 87' lang='lat' dir='ltr'>carmini</span> <span class='ocrx_word' id='word_1_367' title='bbox 1982 2045 2126 2086; x_wconf 82' lang='lat' dir='ltr'>naevis</span> <span class='ocrx_word' id='word_1_368' title='bbox 2156 2044 2265 2095; x_wconf 89' lang='lat' dir='ltr'>illis,</span> <span class='ocrx_word' id='word_1_369' title='bbox 2304 2045 2461 2104; x_wconf 85' lang='lat' dir='ltr'>quibus</span> <span class='ocrx_word' id='word_1_370' title='bbox 2490 2046 2695 2106; x_wconf 86' lang='lat' dir='ltr'>temporis</span> 
     </span>
     <span class='ocr_line' id='line_1_29' title="bbox 196 2112 2691 2174; baseline -0.002 -14"><span class='ocrx_word' id='word_1_371' title='bbox 196 2116 496 2166; x_wconf 87' lang='lat' dir='ltr'>diuturnitate,</span> <span class='ocrx_word' id='word_1_372' title='bbox 537 2122 582 2158; x_wconf 89' lang='lat' dir='ltr'>ut</span> <span class='ocrx_word' id='word_1_373' title='bbox 612 2115 700 2157; x_wconf 86' lang='lat' dir='ltr'>fieri</span> <span class='ocrx_word' id='word_1_374' title='bbox 733 2115 863 2167; x_wconf 85' lang='lat' dir='ltr'>solet,</span> <span class='ocrx_word' id='word_1_375' title='bbox 895 2123 987 2158; x_wconf 84' lang='lat' dir='ltr'>erat</span> <span class='ocrx_word' id='word_1_376' title='bbox 1016 2112 1289 2174; x_wconf 84' lang='lat' dir='ltr'>adspersum,</span> <span class='ocrx_word' id='word_1_377' title='bbox 1312 2112 1517 2157; x_wconf 83' lang='lat' dir='ltr'>abstersis</span> <span class='ocrx_word' id='word_1_378' title='bbox 1550 2114 1767 2173; x_wconf 73' lang='lat' dir='ltr'>formaque</span> <span class='ocrx_word' id='word_1_379' title='bbox 1798 2113 2091 2173; x_wconf 82' lang='lat' dir='ltr'>antiquissima</span> <span class='ocrx_word' id='word_1_380' title='bbox 2122 2119 2164 2157; x_wconf 88' lang='lat' dir='ltr'>et</span> <span class='ocrx_word' id='word_1_381' title='bbox 2194 2112 2539 2174; x_wconf 80' lang='lat' dir='ltr'>splendidissima</span> <span class='ocrx_word' id='word_1_382' title='bbox 2570 2114 2691 2159; x_wconf 87' lang='lat' dir='ltr'>resti-</span> 
     </span>
     <span class='ocr_line' id='line_1_30' title="bbox 196 2180 1585 2243; baseline 0 -17"><span class='ocrx_word' id='word_1_383' title='bbox 196 2191 309 2236; x_wconf 85' lang='lat' dir='ltr'>tuta,</span> <span class='ocrx_word' id='word_1_384' title='bbox 342 2184 565 2243; x_wconf 85' lang='lat' dir='ltr'>pristinum</span> <span class='ocrx_word' id='word_1_385' title='bbox 598 2182 868 2243; x_wconf 86' lang='lat' dir='ltr'>splendorem</span> <span class='ocrx_word' id='word_1_386' title='bbox 901 2180 1140 2226; x_wconf 85' lang='lat' dir='ltr'>reddidisse</span> <span class='ocrx_word' id='word_1_387' title='bbox 1173 2180 1253 2225; x_wconf 89' lang='lat' dir='ltr'>sibi</span> <span class='ocrx_word' id='word_1_388' title='bbox 1286 2182 1507 2227; x_wconf 83' lang='lat' dir='ltr'>videretur.</span> <span class='ocrx_word' id='word_1_389' title='bbox 1539 2182 1585 2239; x_wconf 62' lang='lat'>⁶)</span> 
     </span>
    </p>
   </div>
   <div class='ocr_carea' id='block_1_3' title="bbox 197 2260 2694 2463">
    <p class='ocr_par' dir='ltr' id='par_1_4' title="bbox 197 2260 2694 2463">
     <span class='ocr_line' id='line_1_31' title="bbox 406 2260 2693 2325; baseline -0 -17"><span class='ocrx_word' id='word_1_390' title='bbox 406 2263 553 2324; x_wconf 90' lang='lat' dir='ltr'>Neque</span> <span class='ocrx_word' id='word_1_391' title='bbox 584 2270 728 2308; x_wconf 86' lang='lat' dir='ltr'>tamen</span> <span class='ocrx_word' id='word_1_392' title='bbox 761 2263 863 2308; x_wconf 90' lang='lat' dir='ltr'>mibi</span> <span class='ocrx_word' id='word_1_393' title='bbox 896 2263 936 2308; x_wconf 92' lang='lat' dir='ltr'>in</span> <span class='ocrx_word' id='word_1_394' title='bbox 969 2263 1111 2308; x_wconf 90' lang='lat' dir='ltr'>animo</span> <span class='ocrx_word' id='word_1_395' title='bbox 1142 2269 1208 2308; x_wconf 89' lang='lat' dir='ltr'>est</span> <span class='ocrx_word' id='word_1_396' title='bbox 1239 2277 1346 2324; x_wconf 86' lang='lat' dir='ltr'>quae</span> <span class='ocrx_word' id='word_1_397' title='bbox 1379 2262 1556 2308; x_wconf 85' lang='lat' dir='ltr'>Carolus</span> <span class='ocrx_word' id='word_1_398' title='bbox 1587 2261 1894 2313; x_wconf 84' lang='lat' dir='ltr'>Lachmannus,</span> <span class='ocrx_word' id='word_1_399' title='bbox 1925 2262 2046 2306; x_wconf 89' lang='lat' dir='ltr'>cuius</span> <span class='ocrx_word' id='word_1_400' title='bbox 2076 2260 2232 2306; x_wconf 86' lang='lat' dir='ltr'>scholis</span> <span class='ocrx_word' id='word_1_401' title='bbox 2263 2263 2528 2307; x_wconf 83' lang='lat' dir='ltr'>suavissimis</span> <span class='ocrx_word' id='word_1_402' title='bbox 2566 2269 2693 2325; x_wconf 86' lang='lat' dir='ltr'>atque</span> 
     </span>
     <span class='ocr_line' id='line_1_32' title="bbox 197 2332 2691 2393; baseline -0.001 -15"><span class='ocrx_word' id='word_1_403' title='bbox 197 2333 434 2378; x_wconf 88' lang='lat' dir='ltr'>utilissimis</span> <span class='ocrx_word' id='word_1_404' title='bbox 465 2347 532 2378; x_wconf 90' lang='lat' dir='ltr'>me</span> <span class='ocrx_word' id='word_1_405' title='bbox 549 2347 720 2393; x_wconf 91' lang='lat' dir='ltr'>quoque</span> <span class='ocrx_word' id='word_1_406' title='bbox 753 2333 992 2378; x_wconf 79' lang='lat' dir='ltr'>interfuisse</span> <span class='ocrx_word' id='word_1_407' title='bbox 1024 2332 1202 2378; x_wconf 85' lang='lat' dir='ltr'>libenter</span> <span class='ocrx_word' id='word_1_408' title='bbox 1232 2347 1332 2392; x_wconf 87' lang='lat' dir='ltr'>prae</span> <span class='ocrx_word' id='word_1_409' title='bbox 1364 2347 1432 2377; x_wconf 86' lang='lat' dir='ltr'>me</span> <span class='ocrx_word' id='word_1_410' title='bbox 1464 2334 1551 2377; x_wconf 87' lang='lat' dir='ltr'>l&#39;ero</span> <span class='ocrx_word' id='word_1_411' title='bbox 1583 2333 1757 2391; x_wconf 90' lang='lat' dir='ltr'>eiusque</span> <span class='ocrx_word' id='word_1_412' title='bbox 1789 2333 2036 2375; x_wconf 87' lang='lat' dir='ltr'>memoriam</span> <span class='ocrx_word' id='word_1_413' title='bbox 2069 2345 2238 2391; x_wconf 85' lang='lat' dir='ltr'>semper</span> <span class='ocrx_word' id='word_1_414' title='bbox 2263 2333 2334 2392; x_wconf 90' lang='lat' dir='ltr'>pio</span> <span class='ocrx_word' id='word_1_415' title='bbox 2365 2339 2572 2393; x_wconf 81' lang='lat' dir='ltr'>gratoque</span> <span class='ocrx_word' id='word_1_416' title='bbox 2602 2335 2691 2377; x_wconf 90' lang='lat' dir='ltr'>ani·</span> 
     </span>
     <span class='ocr_line' id='line_1_33' title="bbox 198 2399 2694 2463; baseline -0.001 -15"><span class='ocrx_word' id='word_1_417' title='bbox 198 2417 269 2449; x_wconf 90' lang='lat' dir='ltr'>mo</span> <span class='ocrx_word' id='word_1_418' title='bbox 301 2401 465 2458; x_wconf 91' lang='lat' dir='ltr'>colam,</span> <span class='ocrx_word' id='word_1_419' title='bbox 508 2416 619 2462; x_wconf 91' lang='lat' dir='ltr'>quae</span> <span class='ocrx_word' id='word_1_420' title='bbox 650 2401 713 2447; x_wconf 89' lang='lat' dir='ltr'>ille</span> <span class='ocrx_word' id='word_1_421' title='bbox 745 2401 798 2447; x_wconf 91' lang='lat' dir='ltr'>de</span> <span class='ocrx_word' id='word_1_422' title='bbox 829 2399 955 2447; x_wconf 89' lang='lat' dir='ltr'>lliade</span> <span class='ocrx_word' id='word_1_423' title='bbox 987 2400 1243 2463; x_wconf 85' lang='lat' dir='ltr'>disputavit,</span> <span class='ocrx_word' id='word_1_424' title='bbox 1293 2415 1341 2447; x_wconf 87' lang='lat' dir='ltr'>ea</span> <span class='ocrx_word' id='word_1_425' title='bbox 1371 2400 1512 2447; x_wconf 89' lang='lat' dir='ltr'>denuo</span> <span class='ocrx_word' id='word_1_426' title='bbox 1544 2401 1784 2447; x_wconf 81' lang='lat' dir='ltr'>examinare</span> <span class='ocrx_word' id='word_1_427' title='bbox 1816 2401 1980 2454; x_wconf 90' lang='lat' dir='ltr'>omnia,</span> <span class='ocrx_word' id='word_1_428' title='bbox 2027 2400 2265 2445; x_wconf 87' lang='lat' dir='ltr'>examinata</span> <span class='ocrx_word' id='word_1_429' title='bbox 2297 2406 2370 2445; x_wconf 87' lang='lat' dir='ltr'>aut</span> <span class='ocrx_word' id='word_1_430' title='bbox 2399 2400 2590 2447; x_wconf 74' lang='lat' dir='ltr'>refellere</span> <span class='ocrx_word' id='word_1_431' title='bbox 2621 2409 2694 2446; x_wconf 87' lang='lat' dir='ltr'>aut</span> 
     </span>
    </p>
   </div>
   <div class='ocr_carea' id='block_1_4' title="bbox 241 2552 2695 3338">
    <p class='ocr_par' dir='ltr' id='par_1_5' title="bbox 241 2552 2695 3338">
     <span class='ocr_line' id='line_1_34' title="bbox 241 2552 2692 2600; baseline 0 -11"><span class='ocrx_word' id='word_1_432' title='bbox 241 2552 278 2599; x_wconf 73' lang='lat'>¹)</span> <span class='ocrx_word' id='word_1_433' title='bbox 335 2552 371 2590; x_wconf 84' lang='grc' dir='ltr'>Ρ.</span> <span class='ocrx_word' id='word_1_434' title='bbox 398 2553 456 2589; x_wconf 82' lang='grc'>86.</span> <span class='ocrx_word' id='word_1_435' title='bbox 483 2553 528 2589; x_wconf 83' lang='lat' dir='ltr'>ef.</span> <span class='ocrx_word' id='word_1_436' title='bbox 554 2553 695 2599; x_wconf 75' lang='lat' dir='ltr'>Kochly</span> <span class='ocrx_word' id='word_1_437' title='bbox 718 2553 866 2590; x_wconf 76' lang='lat' dir='ltr'>Hectora</span> <span class='ocrx_word' id='word_1_438' title='bbox 892 2552 1049 2600; x_wconf 73' lang='lat' dir='ltr'>Losnug.</span> <span class='ocrx_word' id='word_1_439' title='bbox 1078 2553 1434 2591; x_wconf 77' lang='lat' dir='ltr'>Gratulationssehrift</span> <span class='ocrx_word' id='word_1_440' title='bbox 1458 2553 1521 2589; x_wconf 86' lang='lat' dir='ltr'>der</span> <span class='ocrx_word' id='word_1_441' title='bbox 1545 2553 1751 2589; x_wconf 72' lang='lat' dir='ltr'>Universitat</span> <span class='ocrx_word' id='word_1_442' title='bbox 1775 2552 1902 2589; x_wconf 79' lang='lat' dir='ltr'>Zurieh</span> <span class='ocrx_word' id='word_1_443' title='bbox 1926 2563 2003 2588; x_wconf 80' lang='lat' dir='ltr'>sum</span> <span class='ocrx_word' id='word_1_444' title='bbox 2029 2552 2225 2590; x_wconf 75' lang='lat' dir='ltr'>jubilaeum</span> <span class='ocrx_word' id='word_1_445' title='bbox 2250 2562 2322 2589; x_wconf 84' lang='lat' dir='ltr'>von</span> <span class='ocrx_word' id='word_1_446' title='bbox 2347 2553 2526 2590; x_wconf 64' lang='lat' dir='ltr'>walchen</span> <span class='ocrx_word' id='word_1_447' title='bbox 2567 2553 2692 2590; x_wconf 72' lang='lat' dir='ltr'>zurich</span> 
     </span>
     <span class='ocr_line' id='line_1_35' title="bbox 336 2610 2693 2659; baseline 0 -13"><span class='ocrx_word' id='word_1_448' title='bbox 336 2611 438 2646; x_wconf 78' lang='lat'><strong>¹859.</strong></span> <span class='ocrx_word' id='word_1_449' title='bbox 488 2610 591 2655; x_wconf 85' lang='lat' dir='ltr'>Quae</span> <span class='ocrx_word' id='word_1_450' title='bbox 616 2613 864 2647; x_wconf 84' lang='lat' dir='ltr'>commentatio</span> <span class='ocrx_word' id='word_1_451' title='bbox 889 2622 995 2658; x_wconf 86' lang='lat' dir='ltr'>quum</span> <span class='ocrx_word' id='word_1_452' title='bbox 1019 2622 1092 2647; x_wconf 89' lang='lat' dir='ltr'>non</span> <span class='ocrx_word' id='word_1_453' title='bbox 1116 2612 1243 2659; x_wconf 81' lang='lat' dir='ltr'>cuique</span> <span class='ocrx_word' id='word_1_454' title='bbox 1266 2612 1310 2647; x_wconf 83' lang='lat' dir='ltr'>ad</span> <span class='ocrx_word' id='word_1_455' title='bbox 1334 2621 1472 2647; x_wconf 79' lang='lat' dir='ltr'>manum</span> <span class='ocrx_word' id='word_1_456' title='bbox 1497 2612 1564 2654; x_wconf 85' lang='lat' dir='ltr'>sit,</span> <span class='ocrx_word' id='word_1_457' title='bbox 1597 2611 1700 2647; x_wconf 82' lang='lat' dir='ltr'>liceat</span> <span class='ocrx_word' id='word_1_458' title='bbox 1733 2610 1815 2646; x_wconf 87' lang='lat' dir='ltr'>mihi</span> <span class='ocrx_word' id='word_1_459' title='bbox 1836 2611 1910 2647; x_wconf 82' lang='lat' dir='ltr'>eius</span> <span class='ocrx_word' id='word_1_460' title='bbox 1934 2611 2044 2647; x_wconf 81' lang='lat' dir='ltr'>verba</span> <span class='ocrx_word' id='word_1_461' title='bbox 2069 2611 2104 2646; x_wconf 87' lang='lat' dir='ltr'>b.</span> <span class='ocrx_word' id='word_1_462' title='bbox 2132 2610 2156 2647; x_wconf 93' lang='lat' dir='ltr'>l.</span> <span class='ocrx_word' id='word_1_463' title='bbox 2180 2621 2383 2657; x_wconf 80' lang='lat' dir='ltr'>proponere</span> <span class='ocrx_word' id='word_1_464' title='bbox 2407 2622 2441 2656; x_wconf 85' lang='lat' dir='ltr'>p.</span> <span class='ocrx_word' id='word_1_465' title='bbox 2467 2613 2510 2648; x_wconf 77' lang='lat'>4:</span> <span class='ocrx_word' id='word_1_466' title='bbox 2534 2611 2577 2648; x_wconf 77' lang='lat' dir='ltr'>Je</span> <span class='ocrx_word' id='word_1_467' title='bbox 2592 2611 2693 2647; x_wconf 74' lang='lat' dir='ltr'>mehr</span> 
     </span>
     <span class='ocr_line' id='line_1_36' title="bbox 336 2668 2692 2716; baseline -0 -13"><span class='ocrx_word' id='word_1_468' title='bbox 336 2669 394 2703; x_wconf 87' lang='lat' dir='ltr'>ich</span> <span class='ocrx_word' id='word_1_469' title='bbox 420 2668 490 2703; x_wconf 87' lang='lat' dir='ltr'>alle</span> <span class='ocrx_word' id='word_1_470' title='bbox 515 2669 697 2704; x_wconf 84' lang='lat' dir='ltr'>Versuche</span> <span class='ocrx_word' id='word_1_471' title='bbox 723 2669 788 2704; x_wconf 91' lang='lat' dir='ltr'>der</span> <span class='ocrx_word' id='word_1_472' title='bbox 800 2669 1109 2705; x_wconf 79' lang='lat' dir='ltr'>Einheitakritiker</span> <span class='ocrx_word' id='word_1_473' title='bbox 1131 2670 1281 2712; x_wconf 87' lang='lat' dir='ltr'>studire,</span> <span class='ocrx_word' id='word_1_474' title='bbox 1307 2670 1405 2704; x_wconf 83' lang='lat' dir='ltr'>desto</span> <span class='ocrx_word' id='word_1_475' title='bbox 1430 2669 1548 2704; x_wconf 77' lang='lat' dir='ltr'>klarer</span> <span class='ocrx_word' id='word_1_476' title='bbox 1572 2670 1644 2703; x_wconf 85' lang='lat' dir='ltr'>tritt</span> <span class='ocrx_word' id='word_1_477' title='bbox 1667 2671 1731 2703; x_wconf 89' lang='lat' dir='ltr'>mir</span> <span class='ocrx_word' id='word_1_478' title='bbox 1754 2670 1818 2703; x_wconf 94' lang='lat' dir='ltr'>der</span> <span class='ocrx_word' id='word_1_479' title='bbox 1841 2669 1922 2703; x_wconf 71' lang='lat' dir='ltr'>Sat:</span> <span class='ocrx_word' id='word_1_480' title='bbox 1947 2670 2000 2704; x_wconf 85' lang='lat' dir='ltr'>als</span> <span class='ocrx_word' id='word_1_481' title='bbox 2023 2669 2319 2704; x_wconf 81' lang='lat' dir='ltr'>unbestreitbares</span> <span class='ocrx_word' id='word_1_482' title='bbox 2342 2670 2467 2704; x_wconf 81' lang='lat' dir='ltr'>Axiom</span> <span class='ocrx_word' id='word_1_483' title='bbox 2493 2675 2692 2716; x_wconf 64' lang='lat' dir='ltr'>entgegen:</span> 
     </span>
     <span class='ocr_line' id='line_1_37' title="bbox 336 2726 2693 2773; baseline 0 -13"><span class='ocrx_word' id='word_1_484' title='bbox 336 2726 418 2761; x_wconf 85' lang='lat' dir='ltr'>Ilias</span> <span class='ocrx_word' id='word_1_485' title='bbox 442 2727 515 2761; x_wconf 86' lang='lat' dir='ltr'>wie</span> <span class='ocrx_word' id='word_1_486' title='bbox 542 2726 703 2772; x_wconf 79' lang='lat' dir='ltr'>Odyssee</span> <span class='ocrx_word' id='word_1_487' title='bbox 729 2726 780 2761; x_wconf 89' lang='lat' dir='ltr'>als</span> <span class='ocrx_word' id='word_1_488' title='bbox 807 2727 944 2762; x_wconf 82' lang='lat' dir='ltr'>Ganzes</span> <span class='ocrx_word' id='word_1_489' title='bbox 967 2727 1083 2762; x_wconf 88' lang='lat' dir='ltr'>haben</span> <span class='ocrx_word' id='word_1_490' title='bbox 1109 2727 1206 2762; x_wconf 87' lang='lat' dir='ltr'>nieht</span> <span class='ocrx_word' id='word_1_491' title='bbox 1230 2728 1286 2762; x_wconf 89' lang='lat' dir='ltr'>die</span> <span class='ocrx_word' id='word_1_492' title='bbox 1311 2726 1519 2773; x_wconf 72' lang='lat' dir='ltr'>organische</span> <span class='ocrx_word' id='word_1_493' title='bbox 1543 2726 1695 2769; x_wconf 75' lang='lat' dir='ltr'>Einheit,</span> <span class='ocrx_word' id='word_1_494' title='bbox 1721 2726 1782 2762; x_wconf 85' lang='lat' dir='ltr'>das</span> <span class='ocrx_word' id='word_1_495' title='bbox 1801 2726 1910 2762; x_wconf 82' lang='lat' dir='ltr'>Werk</span> <span class='ocrx_word' id='word_1_496' title='bbox 1935 2727 2033 2762; x_wconf 87' lang='lat' dir='ltr'>eines</span> <span class='ocrx_word' id='word_1_497' title='bbox 2057 2726 2262 2772; x_wconf 80' lang='lat' dir='ltr'>poetischeu</span> <span class='ocrx_word' id='word_1_498' title='bbox 2290 2726 2426 2770; x_wconf 84' lang='lat' dir='ltr'>Genies‚</span> <span class='ocrx_word' id='word_1_499' title='bbox 2451 2727 2604 2763; x_wconf 86' lang='lat' dir='ltr'>sondern</span> <span class='ocrx_word' id='word_1_500' title='bbox 2628 2738 2693 2762; x_wconf 88' lang='lat' dir='ltr'>nur</span> 
     </span>
     <span class='ocr_line' id='line_1_38' title="bbox 339 2777 2691 2830; baseline 0 -11"><span class='ocrx_word' id='word_1_501' title='bbox 339 2785 418 2819; x_wconf 86' lang='lat' dir='ltr'>eine</span> <span class='ocrx_word' id='word_1_502' title='bbox 444 2784 693 2819; x_wconf 85' lang='lat' dir='ltr'>mechanische</span> <span class='ocrx_word' id='word_1_503' title='bbox 720 2785 980 2829; x_wconf 72' lang='lat' dir='ltr'>Vereinigung,</span> <span class='ocrx_word' id='word_1_504' title='bbox 1015 2785 1071 2820; x_wconf 82' lang='lat' dir='ltr'>die</span> <span class='ocrx_word' id='word_1_505' title='bbox 1096 2785 1219 2820; x_wconf 77' lang='lat' dir='ltr'>Arbeit</span> <span class='ocrx_word' id='word_1_506' title='bbox 1243 2786 1338 2819; x_wconf 84' lang='lat' dir='ltr'>eines</span> <span class='ocrx_word' id='word_1_507' title='bbox 1362 2777 1635 2821; x_wconf 76' lang='lat' dir='ltr'>redactionellen</span> <span class='ocrx_word' id='word_1_508' title='bbox 1661 2785 1809 2820; x_wconf 80' lang='lat' dir='ltr'>Talents.</span> <span class='ocrx_word' id='word_1_509' title='bbox 1864 2785 1951 2821; x_wconf 85' lang='lat' dir='ltr'>Jene</span> <span class='ocrx_word' id='word_1_510' title='bbox 1988 2786 2032 2819; x_wconf 86' lang='lat' dir='ltr'>ist</span> <span class='ocrx_word' id='word_1_511' title='bbox 2056 2785 2239 2821; x_wconf 86' lang='lat' dir='ltr'>entweder</span> <span class='ocrx_word' id='word_1_512' title='bbox 2262 2778 2430 2830; x_wconf 76' lang='lat' dir='ltr'>nirgeuds</span> <span class='ocrx_word' id='word_1_513' title='bbox 2455 2786 2544 2821; x_wconf 86' lang='lat' dir='ltr'>oder</span> <span class='ocrx_word' id='word_1_514' title='bbox 2567 2797 2633 2820; x_wconf 93' lang='lat' dir='ltr'>nur</span> <span class='ocrx_word' id='word_1_515' title='bbox 2657 2787 2691 2820; x_wconf 86' lang='lat' dir='ltr'>in</span> 
     </span>
     <span class='ocr_line' id='line_1_39' title="bbox 337 2840 2692 2888; baseline 0 -12"><span class='ocrx_word' id='word_1_516' title='bbox 337 2841 405 2876; x_wconf 91' lang='lat' dir='ltr'>den</span> <span class='ocrx_word' id='word_1_517' title='bbox 433 2840 619 2877; x_wconf 81' lang='lat' dir='ltr'>einzelnen</span> <span class='ocrx_word' id='word_1_518' title='bbox 646 2840 797 2877; x_wconf 77' lang='lat' dir='ltr'>Liedern</span> <span class='ocrx_word' id='word_1_519' title='bbox 825 2841 914 2877; x_wconf 90' lang='lat' dir='ltr'>oder</span> <span class='ocrx_word' id='word_1_520' title='bbox 939 2841 1133 2877; x_wconf 83' lang='lat' dir='ltr'>Gediehten</span> <span class='ocrx_word' id='word_1_521' title='bbox 1159 2853 1201 2877; x_wconf 79' lang='lat' dir='ltr'>zu</span> <span class='ocrx_word' id='word_1_522' title='bbox 1226 2841 1361 2883; x_wconf 82' lang='lat' dir='ltr'>finden,</span> <span class='ocrx_word' id='word_1_523' title='bbox 1402 2853 1465 2877; x_wconf 88' lang='lat' dir='ltr'>aus</span> <span class='ocrx_word' id='word_1_524' title='bbox 1489 2841 1652 2878; x_wconf 79' lang='lat' dir='ltr'>walchen</span> <span class='ocrx_word' id='word_1_525' title='bbox 1690 2841 1751 2878; x_wconf 86' lang='lat' dir='ltr'>das</span> <span class='ocrx_word' id='word_1_526' title='bbox 1788 2842 1906 2878; x_wconf 78' lang='lat' dir='ltr'>Genze</span> <span class='ocrx_word' id='word_1_527' title='bbox 1930 2847 2266 2887; x_wconf 79' lang='lat' dir='ltr'>zusammengesetst</span> <span class='ocrx_word' id='word_1_528' title='bbox 2302 2841 2390 2877; x_wconf 88' lang='lat' dir='ltr'>oder</span> <span class='ocrx_word' id='word_1_529' title='bbox 2425 2852 2692 2888; x_wconf 78' lang='lat' dir='ltr'>zusammenge-</span> 
     </span>
     <span class='ocr_line' id='line_1_40' title="bbox 341 2899 2693 2945; baseline 0 -12"><span class='ocrx_word' id='word_1_530' title='bbox 341 2899 544 2935; x_wconf 82' lang='lat' dir='ltr'>schmolsen</span> <span class='ocrx_word' id='word_1_531' title='bbox 569 2900 622 2934; x_wconf 85' lang='lat' dir='ltr'>ist.</span> <span class='ocrx_word' id='word_1_532' title='bbox 688 2899 829 2944; x_wconf 71' lang='lat' dir='ltr'>Gelingt</span> <span class='ocrx_word' id='word_1_533' title='bbox 854 2910 893 2934; x_wconf 87' lang='lat' dir='ltr'>es</span> <span class='ocrx_word' id='word_1_534' title='bbox 919 2909 989 2933; x_wconf 88' lang='lat' dir='ltr'>nun</span> <span class='ocrx_word' id='word_1_535' title='bbox 1014 2900 1112 2934; x_wconf 79' lang='lat' dir='ltr'>nieht</span> <span class='ocrx_word' id='word_1_536' title='bbox 1136 2900 1232 2935; x_wconf 85' lang='lat' dir='ltr'>diese</span> <span class='ocrx_word' id='word_1_537' title='bbox 1257 2900 1544 2935; x_wconf 79' lang='lat' dir='ltr'>herauszuhebeu</span> <span class='ocrx_word' id='word_1_538' title='bbox 1569 2901 1639 2934; x_wconf 90' lang='lat' dir='ltr'>und</span> <span class='ocrx_word' id='word_1_539' title='bbox 1667 2899 1918 2941; x_wconf 78' lang='lat' dir='ltr'>herzustellen,</span> <span class='ocrx_word' id='word_1_540' title='bbox 1952 2910 1993 2934; x_wconf 85' lang='lat' dir='ltr'>so</span> <span class='ocrx_word' id='word_1_541' title='bbox 2017 2910 2112 2934; x_wconf 76' lang='lat' dir='ltr'>musa</span> <span class='ocrx_word' id='word_1_542' title='bbox 2136 2910 2215 2934; x_wconf 82' lang='lat' dir='ltr'>man</span> <span class='ocrx_word' id='word_1_543' title='bbox 2241 2899 2438 2945; x_wconf 75' lang='lat' dir='ltr'>uberhaupt</span> <span class='ocrx_word' id='word_1_544' title='bbox 2463 2900 2589 2935; x_wconf 70' lang='lat' dir='ltr'>darauf</span> <span class='ocrx_word' id='word_1_545' title='bbox 2609 2910 2693 2935; x_wconf 83' lang='lat' dir='ltr'>ver-</span> 
     </span>
     <span class='ocr_line' id='line_1_41' title="bbox 336 2956 2693 3003; baseline -0 -11"><span class='ocrx_word' id='word_1_546' title='bbox 336 2957 475 2992; x_wconf 79' lang='lat' dir='ltr'>sichtcn</span> <span class='ocrx_word' id='word_1_547' title='bbox 500 2958 534 2992; x_wconf 90' lang='lat' dir='ltr'>in</span> <span class='ocrx_word' id='word_1_548' title='bbox 561 2958 624 2992; x_wconf 88' lang='lat' dir='ltr'>der</span> <span class='ocrx_word' id='word_1_549' title='bbox 648 2957 785 2992; x_wconf 81' lang='lat' dir='ltr'>homer.</span> <span class='ocrx_word' id='word_1_550' title='bbox 811 2956 937 2993; x_wconf 84' lang='lat' dir='ltr'>Poesie</span> <span class='ocrx_word' id='word_1_551' title='bbox 963 2956 1187 2993; x_wconf 82' lang='lat' dir='ltr'>einheitliche</span> <span class='ocrx_word' id='word_1_552' title='bbox 1212 2957 1507 3003; x_wconf 77' lang='lat' dir='ltr'>abgeschlossene</span> <span class='ocrx_word' id='word_1_553' title='bbox 1532 2957 1767 2994; x_wconf 73' lang='lat' dir='ltr'>Kunstwerke</span> <span class='ocrx_word' id='word_1_554' title='bbox 1802 2968 1845 2992; x_wconf 80' lang='lat' dir='ltr'>su</span> <span class='ocrx_word' id='word_1_555' title='bbox 1870 2957 2068 2994; x_wconf 74' lang='lat' dir='ltr'>entdeckeu</span> <span class='ocrx_word' id='word_1_556' title='bbox 2103 2957 2175 2992; x_wconf 89' lang='lat' dir='ltr'>und</span> <span class='ocrx_word' id='word_1_557' title='bbox 2200 2957 2449 3000; x_wconf 48' lang='lat' dir='ltr'>sunamiten,</span> <span class='ocrx_word' id='word_1_558' title='bbox 2489 2968 2568 2993; x_wconf 88' lang='lat' dir='ltr'>man</span> <span class='ocrx_word' id='word_1_559' title='bbox 2592 2957 2693 3002; x_wconf 68' lang='lat' dir='ltr'>frnnss</span> 
     </span>
     <span class='ocr_line' id='line_1_42' title="bbox 338 3014 2693 3063; baseline 0.001 -16"><span class='ocrx_word' id='word_1_560' title='bbox 338 3014 411 3048; x_wconf 85' lang='lat' dir='ltr'>sich</span> <span class='ocrx_word' id='word_1_561' title='bbox 448 3015 508 3048; x_wconf 87' lang='lat' dir='ltr'>mit</span> <span class='ocrx_word' id='word_1_562' title='bbox 542 3015 604 3049; x_wconf 89' lang='lat' dir='ltr'>der</span> <span class='ocrx_word' id='word_1_563' title='bbox 626 3014 904 3061; x_wconf 70' lang='lat' dir='ltr'>newunderung</span> <span class='ocrx_word' id='word_1_564' title='bbox 939 3014 1118 3051; x_wconf 80' lang='lat' dir='ltr'>einzelner</span> <span class='ocrx_word' id='word_1_565' title='bbox 1148 3015 1280 3050; x_wconf 74' lang='lat' dir='ltr'>Stticke</span> <span class='ocrx_word' id='word_1_566' title='bbox 1317 3016 1403 3050; x_wconf 87' lang='lat' dir='ltr'>oder</span> <span class='ocrx_word' id='word_1_567' title='bbox 1431 3014 1654 3050; x_wconf 81' lang='lat' dir='ltr'>Bruchtheile</span> <span class='ocrx_word' id='word_1_568' title='bbox 1687 3015 1894 3063; x_wconf 70' lang='lat' dir='ltr'>beguugen3</span> <span class='ocrx_word' id='word_1_569' title='bbox 1934 3016 1997 3050; x_wconf 89' lang='lat' dir='ltr'>der</span> <span class='ocrx_word' id='word_1_570' title='bbox 2030 3014 2269 3060; x_wconf 74' lang='lat' dir='ltr'>Standpunkt,</span> <span class='ocrx_word' id='word_1_571' title='bbox 2302 3015 2465 3050; x_wconf 82' lang='lat' dir='ltr'>walchen</span> <span class='ocrx_word' id='word_1_572' title='bbox 2504 3015 2693 3061; x_wconf 70' lang='lat' dir='ltr'>allerdings</span> 
     </span>
     <span class='ocr_line' id='line_1_43' title="bbox 337 3070 2695 3118; baseline 0.002 -14"><span class='ocrx_word' id='word_1_573' title='bbox 337 3070 594 3106; x_wconf 84' lang='lat' dir='ltr'>Jahrhunderte</span> <span class='ocrx_word' id='word_1_574' title='bbox 620 3071 703 3115; x_wconf 73' lang='lat' dir='ltr'>lang</span> <span class='ocrx_word' id='word_1_575' title='bbox 728 3071 790 3106; x_wconf 83' lang='lat' dir='ltr'>das</span> <span class='ocrx_word' id='word_1_576' title='bbox 814 3071 1038 3116; x_wconf 72' lang='lat' dir='ltr'>griechische</span> <span class='ocrx_word' id='word_1_577' title='bbox 1068 3071 1159 3107; x_wconf 83' lang='lat' dir='ltr'>Volk</span> <span class='ocrx_word' id='word_1_578' title='bbox 1184 3072 1292 3107; x_wconf 84' lang='lat' dir='ltr'>selbst</span> <span class='ocrx_word' id='word_1_579' title='bbox 1326 3074 1360 3108; x_wconf 86' lang='lat' dir='ltr'>in</span> <span class='ocrx_word' id='word_1_580' title='bbox 1385 3073 1501 3107; x_wconf 89' lang='lat' dir='ltr'>seiner</span> <span class='ocrx_word' id='word_1_581' title='bbox 1533 3073 1661 3108; x_wconf 85' lang='lat' dir='ltr'>naiven</span> <span class='ocrx_word' id='word_1_582' title='bbox 1686 3072 1805 3107; x_wconf 83' lang='lat' dir='ltr'>Praxis</span> <span class='ocrx_word' id='word_1_583' title='bbox 1830 3074 2124 3118; x_wconf 75' lang='lat' dir='ltr'>eingenommen‚</span> <span class='ocrx_word' id='word_1_584' title='bbox 2165 3083 2271 3107; x_wconf 86' lang='lat' dir='ltr'>wenn</span> <span class='ocrx_word' id='word_1_585' title='bbox 2305 3073 2393 3108; x_wconf 86' lang='lat' dir='ltr'>auch</span> <span class='ocrx_word' id='word_1_586' title='bbox 2419 3073 2514 3107; x_wconf 83' lang='lat' dir='ltr'>nicht</span> <span class='ocrx_word' id='word_1_587' title='bbox 2537 3074 2571 3107; x_wconf 85' lang='lat' dir='ltr'>in</span> <span class='ocrx_word' id='word_1_588' title='bbox 2596 3074 2695 3108; x_wconf 84' lang='lat' dir='ltr'>einer</span> 
     </span>
     <span class='ocr_line' id='line_1_44' title="bbox 342 3128 2692 3175; baseline 0.001 -15"><span class='ocrx_word' id='word_1_589' title='bbox 342 3128 563 3170; x_wconf 83' lang='lat' dir='ltr'>„nationalen</span> <span class='ocrx_word' id='word_1_590' title='bbox 590 3128 761 3162; x_wconf 80' lang='lat' dir='ltr'>Theorie“</span> <span class='ocrx_word' id='word_1_591' title='bbox 799 3128 1001 3174; x_wconf 73' lang='lat' dir='ltr'>begu-undet</span> <span class='ocrx_word' id='word_1_592' title='bbox 1026 3129 1096 3163; x_wconf 87' lang='lat' dir='ltr'>hat.</span> <span class='ocrx_word' id='word_1_593' title='bbox 1146 3129 1271 3164; x_wconf 83' lang='lat' dir='ltr'>Dieser</span> <span class='ocrx_word' id='word_1_594' title='bbox 1295 3129 1516 3175; x_wconf 79' lang='lat' dir='ltr'>Standpunkt</span> <span class='ocrx_word' id='word_1_595' title='bbox 1540 3129 1625 3163; x_wconf 80' lang='lat' dir='ltr'>aber</span> <span class='ocrx_word' id='word_1_596' title='bbox 1658 3129 1748 3164; x_wconf 89' lang='lat' dir='ltr'>eben</span> <span class='ocrx_word' id='word_1_597' title='bbox 1786 3131 1829 3164; x_wconf 86' lang='lat' dir='ltr'>ist</span> <span class='ocrx_word' id='word_1_598' title='bbox 1853 3141 1911 3171; x_wconf 88' lang='lat' dir='ltr'>es,</span> <span class='ocrx_word' id='word_1_599' title='bbox 1936 3129 2000 3164; x_wconf 90' lang='lat' dir='ltr'>der</span> <span class='ocrx_word' id='word_1_600' title='bbox 2024 3130 2087 3162; x_wconf 88' lang='lat' dir='ltr'>mir</span> <span class='ocrx_word' id='word_1_601' title='bbox 2111 3129 2208 3162; x_wconf 84' lang='lat' dir='ltr'>nicht</span> <span class='ocrx_word' id='word_1_602' title='bbox 2231 3135 2373 3174; x_wconf 75' lang='lat' dir='ltr'>genugt.</span> <span class='ocrx_word' id='word_1_603' title='bbox 2422 3128 2481 3165; x_wconf 78' lang='lat' dir='ltr'>ich</span> <span class='ocrx_word' id='word_1_604' title='bbox 2507 3129 2635 3174; x_wconf 78' lang='lat' dir='ltr'>glaube</span> <span class='ocrx_word' id='word_1_605' title='bbox 2659 3131 2692 3164; x_wconf 91' lang='lat' dir='ltr'>in</span> 
     </span>
     <span class='ocr_line' id='line_1_45' title="bbox 339 3184 2694 3232; baseline 0.001 -14"><span class='ocrx_word' id='word_1_606' title='bbox 339 3184 408 3219; x_wconf 87' lang='lat' dir='ltr'>den</span> <span class='ocrx_word' id='word_1_607' title='bbox 434 3186 615 3221; x_wconf 77' lang='lat' dir='ltr'>einzelnen</span> <span class='ocrx_word' id='word_1_608' title='bbox 635 3185 804 3228; x_wconf 83' lang='lat' dir='ltr'>Liedern,</span> <span class='ocrx_word' id='word_1_609' title='bbox 823 3186 964 3221; x_wconf 79' lang='lat' dir='ltr'>welche</span> <span class='ocrx_word' id='word_1_610' title='bbox 989 3186 1047 3221; x_wconf 88' lang='lat' dir='ltr'>die</span> <span class='ocrx_word' id='word_1_611' title='bbox 1068 3186 1175 3221; x_wconf 77' lang='lat' dir='ltr'>Kritik</span> <span class='ocrx_word' id='word_1_612' title='bbox 1202 3188 1268 3222; x_wconf 82' lang='lat' dir='ltr'>seit</span> <span class='ocrx_word' id='word_1_613' title='bbox 1292 3184 1489 3222; x_wconf 82' lang='lat' dir='ltr'>Lachmann</span> <span class='ocrx_word' id='word_1_614' title='bbox 1514 3187 1575 3221; x_wconf 83' lang='lat' dir='ltr'>mit</span> <span class='ocrx_word' id='word_1_615' title='bbox 1594 3188 1808 3232; x_wconf 77' lang='lat' dir='ltr'>steigendem</span> <span class='ocrx_word' id='word_1_616' title='bbox 1827 3187 1972 3232; x_wconf 77' lang='lat' dir='ltr'>Ersolge</span> <span class='ocrx_word' id='word_1_617' title='bbox 1996 3186 2239 3221; x_wconf 75' lang='lat' dir='ltr'>aufzudeeken</span> <span class='ocrx_word' id='word_1_618' title='bbox 2263 3187 2334 3221; x_wconf 88' lang='lat' dir='ltr'>und</span> <span class='ocrx_word' id='word_1_619' title='bbox 2360 3187 2694 3222; x_wconf 76' lang='lat' dir='ltr'>wiederhersustel-</span> 
     </span>
     <span class='ocr_line' id='line_1_46' title="bbox 340 3242 2694 3290; baseline 0.001 -14"><span class='ocrx_word' id='word_1_620' title='bbox 340 3242 396 3276; x_wconf 90' lang='lat' dir='ltr'>len</span> <span class='ocrx_word' id='word_1_621' title='bbox 421 3243 536 3283; x_wconf 85' lang='lat' dir='ltr'>sucht,</span> <span class='ocrx_word' id='word_1_622' title='bbox 563 3243 724 3278; x_wconf 79' lang='lat' dir='ltr'>wirklich</span> <span class='ocrx_word' id='word_1_623' title='bbox 751 3243 979 3279; x_wconf 87' lang='lat' dir='ltr'>einheitliehe</span> <span class='ocrx_word' id='word_1_624' title='bbox 1004 3243 1242 3279; x_wconf 80' lang='lat' dir='ltr'>Kunstwerke</span> <span class='ocrx_word' id='word_1_625' title='bbox 1268 3254 1337 3279; x_wconf 89' lang='lat' dir='ltr'>von</span> <span class='ocrx_word' id='word_1_626' title='bbox 1362 3244 1649 3280; x_wconf 86' lang='lat' dir='ltr'>verschiedenem</span> <span class='ocrx_word' id='word_1_627' title='bbox 1676 3244 1923 3281; x_wconf 84' lang='lat' dir='ltr'>individuellcn</span> <span class='ocrx_word' id='word_1_628' title='bbox 1945 3242 2141 3280; x_wconf 76' lang='lat' dir='ltr'>Charakter</span> <span class='ocrx_word' id='word_1_629' title='bbox 2168 3243 2236 3279; x_wconf 87' lang='lat' dir='ltr'>und</span> <span class='ocrx_word' id='word_1_630' title='bbox 2263 3244 2550 3281; x_wconf 83' lang='lat' dir='ltr'>verschiedenern</span> <span class='ocrx_word' id='word_1_631' title='bbox 2576 3244 2694 3290; x_wconf 85' lang='lat' dir='ltr'>poeti-</span> 
     </span>
     <span class='ocr_line' id='line_1_47' title="bbox 339 3299 1068 3338; baseline 0.005 -5"><span class='ocrx_word' id='word_1_632' title='bbox 339 3299 446 3334; x_wconf 81' lang='lat' dir='ltr'>schen</span> <span class='ocrx_word' id='word_1_633' title='bbox 472 3300 616 3337; x_wconf 85' lang='lat' dir='ltr'>Werthe</span> <span class='ocrx_word' id='word_1_634' title='bbox 642 3300 823 3337; x_wconf 82' lang='lat' dir='ltr'>erkennen</span> <span class='ocrx_word' id='word_1_635' title='bbox 849 3312 891 3336; x_wconf 78' lang='lat' dir='ltr'>zu</span> <span class='ocrx_word' id='word_1_636' title='bbox 916 3307 1068 3338; x_wconf 77' lang='lat' dir='ltr'>musaeu.</span> 
     </span>
    </p>
   </div>
  </div>
 </body>
</html>
