2860 3631
1268 129 1613 173 -7-

191 259 295 319 gula
321 274 402 318 pen
427 272 486 302 se
521 272 610 302 non
648 256 1039 308 multum-valeant,
1082 255 1247 301 valeant
1274 255 1452 300 mltum
1482 252 1731 304 coniuncta,
1770 270 1864 299 non
1896 255 2048 297 levium
2079 255 2242 298 illarum
2273 270 2589 316 parvarumque
2616 271 2680 299 re·

187 342 289 375 rum>
309 324 575 373 multitudino
612 323 772 385 aliqnid
815 323 990 385 probari
1025 340 1155 385 posse
1184 315 1485 371 oenaebimns'i
1542 339 1630 370 non
1665 324 1701 368 si
1731 324 1773 368 in
1814 322 1958 368 multis
1986 322 2117 367 rebus
2154 323 2290 384 iisque
2318 326 2463 384 parvis
2513 325 2675 385 (neque

186 403 335 444 tenen
359 409 432 441 ns
455 394 601 441 solum
630 408 786 455 parvas
811 410 883 440 vme
911 394 1174 454 prdatnmm
1204 387 1327 454 puto)
1357 393 1467 439 hanc
1497 392 1770 453 rhapsodiam
1786 391 1856 436 'ab
1885 389 2195 452 antiquioribus
2215 391 2353 438 iliadis
2374 392 2567 453 partibus
2595 392 2676 438 ab·

186 465 361 513 benere
388 461 758 516 demonstravero,
792 477 887 507 eam
918 461 972 508 ab
1002 463 1217 508 homerica
1247 469 1385 508 aetate
1415 467 1539 522 atque
1574 461 1860 520 antiquiorum
1892 460 2055 506 illorum
2085 467 2227 506 vatum
2259 461 2429 519 ingenio
2460 469 2502 507 et
2531 461 2676 508 indole

189 532 369 579 alienam
399 545 497 576 esse
526 533 783 575 statuemus!

394 599 549 643 Verum
579 606 626 642 ut
653 598 825 643 tandem
854 598 1083 660 aliquando
1114 598 1169 642 ad
1200 600 1337 658 ipsam
1367 614 1457 642 rem
1490 598 1746 646 accedamus
1783 598 1826 642 id
1858 606 1923 643 est
1952 599 2007 643 ad
2025 596 2234 657 Ἕκτορος
2261 598 2326 643 illa
2356 599 2508 656 λύτραι
2546 598 2676 644 Ludis

189 667 460 722 funebribus,
502 682 614 729 quos
644 666 824 711 Achilles
854 668 1049 712 Patroclo
1080 667 1317 711 instituerat
1346 669 1533 725 peractis
1560 668 1692 712 ceteri
1721 676 1767 711 nt
1796 675 2024 711 coenarent
2053 676 2097 711 et
2125 668 2295 712 coenati
2325 668 2592 727 quiescerent
2621 667 2676 712 ad

188 751 313 781 suum
341 736 525 796 quisque
555 735 783 778 tentorium
813 735 1113 778 disuaserunt.
1173 734 1354 778 Achilles
1394 743 1533 777 autem
1564 735 1777 778 desiderio
1809 736 1932 777 amici
1962 737 2170 778 carissimi
2202 743 2344 780 motus
2375 735 2571 795 plorabat
2600 751 2673 779 ne-

187 820 271 866 que
302 818 499 848 somnum
520 808 684 863 'capere
716 808 902 863 poterat,
950 802 1032 847 huc
1075 810 1117 846 et
1154 801 1249 846 illuc
1277 818 1434 863 corpus
1471 803 1641 848 volvens
1673 801 1979 847 recordabatur
2008 804 2194 848 lacrimis
2232 804 2420 857 obortis,
2469 820 2577 865 quas
2607 819 2677 849 res

187 888 286 928 cnm
307 871 499 918 Patroclo
531 872 738 931 gessisset
768 878 879 916 terra
910 872 1113 931 marique.
1154 871 1258 916 Tum
1278 887 1379 916 vero
1399 870 1692 928 cubililrelicto
1724 871 1896 926 errabat
1926 889 2002 931 per
2032 874 2147 920 littus
2178 889 2319 933 neque
2350 881 2469 918 ortus
2487 875 2674 919 Aurorae

186 957 288 987 eum
315 940 518 999 fugiebat.
577 940 772 984 Hectoris
801 955 961 998 corpus
988 939 1129 984 denuo
1160 939 1215 983 ad
1245 955 1416 985 currum
1447 941 1668 999 religatum
1705 948 1770 983 ter
1814 941 1973 984 circum
2003 941 2183 985 Patrocli
2223 943 2429 985 tumulum
2469 943 2675 1001 rapiebat,

187 1015 354 1069 raptum
387 1009 502 1053 humi
533 1007 794 1067 relinquebat
825 1009 991 1060 iacens,
1022 1009 1115 1067 ipse
1145 1009 1298 1052 iterum
1328 1008 1371 1051 in
1402 1010 1578 1053 tentorio
1596 1025 1643 1052 se
1674 1007 1804 1060 dabat
1832 1010 1975 1070 quieti.
2009 1010 2159 1069 Apollo
2190 1018 2333 1053 autem
2364 1012 2554 1054 Hectoris
2582 1026 2674 1054 cor-

188 1093 270 1138 pus
303 1093 359 1121 ne
389 1077 717 1130 deformaretur,
747 1091 874 1119 aurea
905 1076 1058 1133 aegide
1088 1075 1354 1135 prohibebat.
1418 1077 1599 1135 (1-21)

393 1160 530 1218 Atque
560 1157 743 1216 primum
773 1157 947 1216 quidem
978 1158 1201 1200 transitum
1232 1156 1287 1199 ad
1319 1158 1428 1199 hanc
1458 1157 1728 1215 rhapsodiam
1768 1171 1851 1202 non
1882 1158 1985 1200 satis
2022 1165 2118 1216 apte
2150 1172 2245 1201 esse
2286 1160 2547 1212 institutum,
2591 1160 2676 1202 iam

187 1225 485 1270 Lachmannus
514 1223 820 1268 animadvertit.
849 1226 889 1281 Ἴ
935 1224 1058 1267 Adde
1096 1223 1213 1285 quod
1244 1223 1407 1267 orditur
1437 1225 1517 1268 hoc
1546 1240 1720 1268 cannen
1752 1240 1776 1267 a
1808 1226 1943 1268 forma
1973 1227 2085 1279 λῦτο,
2117 1226 2231 1285 quod
2263 1234 2403 1270 utrum
2435 1229 2489 1270 sit
2519 1229 2672 1287 imper-

185 1296 340 1340 fectum
371 1310 427 1338 an
456 1294 641 1338 aoristus
685 1309 739 1337 an
770 1292 1230 1353 plusquamperfectum
1267 1309 1320 1336 ne
1351 1294 1458 1337 inter
1485 1295 1793 1338 Alexandrinos
1831 1294 2002 1354 quidem
2048 1297 2151 1338 satis
2198 1304 2379 1340 constat.
2440 1297 2532 1339 Jam
2570 1312 2671 1340 vero

183 1365 252 1411 fac
282 1364 468 1409 animum
501 1361 716 1416 attendas,
766 1369 1027 1424 quantopere
1059 1363 1116 1416 is,
1146 1363 1219 1423 qui
1250 1362 1359 1407 hanc
1388 1362 1657 1423 rhapsodiam
1688 1364 1949 1423 composuit,
2000 1363 2054 1407 ab
2094 1364 2306 1409 homerica
2347 1366 2413 1409 illa
2446 1366 2673 1410 abhorreat

182 1432 505 1495 perspicuitate,
550 1447 679 1492 quam
724 1429 904 1476 obscure
941 1438 984 1475 et
1025 1432 1229 1493 perplexe
1259 1431 1364 1476 haec
1392 1430 1613 1476 describat.
1675 1431 1831 1476 Versus
1869 1433 2029 1492 primos
2059 1434 2094 1476 si
2126 1434 2305 1491 legeris,
2337 1433 2390 1477 de
2426 1449 2477 1478 ea
2506 1441 2670 1478 tantum

182 1508 306 1548 nocte
337 1507 506 1560 poetam
538 1500 651 1559 loqui
682 1500 872 1559 putabis,
899 1515 1008 1558 quae
1038 1499 1176 1553 diem,
1198 1515 1284 1560 quo
1314 1499 1526 1546 Patroclus
1555 1508 1646 1545 erat
1677 1500 1884 1558 sepultus,
1903 1500 2080 1559 excipit,
2112 1508 2259 1545 contra
2290 1503 2324 1545 si
2357 1503 2515 1546 formas
2545 1504 2671 1545 itera·

181 1572 290 1617 tivas
338 1585 448 1631 quae
473 1599 475 1601 v
496 1575 720 1620 vocantur,
770 1569 806 1614 si
855 1567 986 1614 verba
1019 1568 1112 1613 ἐπεὶ
1142 1568 1325 1619 ζεύξειεν
1350 1569 1461 1628 (14)
1493 1571 1557 1615 vel
1590 1571 1738 1614 leviter
1772 1578 1914 1614 tecum
1946 1569 2221 1630 perpenderis
2259 1571 2427 1630 longius
2455 1570 2671 1631 quoddam

180 1640 384 1700 temporis
405 1639 587 1698 spatium
608 1638 847 1697 significare
878 1645 1003 1697 poeta
1034 1645 1159 1698 atque
1189 1654 1363 1683 narrare
1393 1638 1602 1684 videbitur
1631 1656 1803 1699 quoque
1832 1638 1903 1683 die
1936 1649 2035 1698 post
2057 1640 2236 1684 Patrocli
2266 1640 2522 1699 sepulturam
2554 1639 2663 1684 bene

181 1724 306 1756 mane
335 1708 530 1755 Hectoris
561 1723 718 1768 corpus
748 1723 773 1752 a
804 1706 1096 1752 crudelissimo
1127 1707 1196 1752 illo
1226 1706 1381 1752 Achille
1412 1707 1688 1753 acerbissima
1727 1723 1823 1753 esse
1854 1708 2104 1753 contumelia
2136 1710 2346 1754 affectum.
2408 1712 2547 1764 Quam
2578 1724 2667 1753 rem

181 1793 266 1824 non
297 1779 401 1823 satis
431 1783 528 1838 apte
559 1784 686 1839 atque
717 1775 946 1836 prudenter
975 1791 1071 1821 esse
1102 1776 1244 1820 fictam
1275 1791 1426 1828 nemo,
1459 1777 1636 1836 opinor,
1671 1776 1861 1837 negabit.

388 1859 532 1904 Liceat
562 1858 663 1902 mihi
693 1856 896 1903 hocloco
936 1873 1026 1901 rem
1075 1855 1288 1918 quandam
1335 1873 1693 1912 commemorare,
1739 1873 1847 1919 quae
1897 1865 1939 1902 et
1985 1859 2075 1917 ipsa
2124 1860 2300 1904 forsitan
2347 1860 2488 1905 multis
2539 1861 2671 1905 levior

180 1936 306 1991 atque
336 1928 538 1971 minutior
550 1942 663 1971 ,esse
693 1926 885 1970 videatur
929 1942 1067 1988 neque
1097 1926 1231 1970 vereri
1276 1926 1339 1970 vel
1385 1928 1586 1971 molestae
1634 1926 1891 1987 putidaeque
1941 1927 2186 1987 diligentiae
2233 1930 2407 1974 crimen.
2469 1931 2512 1973 ln
2550 1929 2666 1974 nulla

179 1998 321 2044 Iliadis
352 2003 470 2058 parte
501 2004 563 2043 tot
592 2003 695 2057 quot
727 1997 769 2040 in
800 1996 879 2040 hac
910 1996 1124 2040 iterativas
1154 2012 1262 2057 quas
1292 2005 1446 2040 vocant
1478 1997 1636 2041 formas
1667 1996 1971 2054 deprehendes,
1993 2006 2092 2041 sunt
2123 2000 2237 2042 enim
2270 2000 2350 2043 nisi
2382 1999 2505 2043 fallor
2533 1998 2667 2044 unde·

176 2068 324 2128 viginti
353 2067 419 2112 vel
449 2067 615 2125 viginti:
651 2068 702 2112 12
734 2065 951 2118 δινεύεσκ’,
989 2067 1042 2112 13
1071 2064 1302 2125 λήθεσκεν,
1340 2068 1391 2111 15
1422 2066 1678 2125 δησάσκετο,
1721 2070 1775 2111 17
1806 2067 2064 2119 παυέσκετο,
2097 2067 2272 2121 ἔασκεν,
2305 2071 2361 2114 23
2382 2069 2666 2126 ἐλεαίρεσκον,

175 2140 234 2185 24
264 2136 542 2195 ὀτρύνεσκον,
574 2138 630 2181 67
661 2134 782 2187 ἔσκε,
822 2135 907 2180 258
938 2133 1057 2189 ἔσκε,
1090 2136 1174 2181 393
1204 2135 1435 2186 κτείνεσκε,
1466 2136 1549 2180 454
1579 2135 1936 2194 ἐπτῤῥὴσσεσκον,
1976 2137 2061 2181 455
2092 2137 2389 2192 ἀναοίγεσκον,
2429 2139 2515 2182 456
2546 2137 2665 2195 ἐπιῤ-

172 2206 409 2267 ρἡσεσκε,
439 2205 524 2251 472
544 2204 702 2259 ἵζεσκε,
732 2206 817 2250 607
847 2204 1063 2259 ἰσάσκετο,
1094 2205 1178 2250 739
1210 2201 1330 2256 ἔσκε,
1363 2206 1446 2250 752
1478 2203 1695 2264 πέρνασχ’,
1726 2204 1891 2257 ἕλεσκε,
1925 2206 2007 2250 755
2024 2205 2324 2263 ῥυστάζεσκεν.
2368 2206 2525 2264 Viginti
2555 2212 2667 2259 sunt,

178 2275 214 2319 si
245 2288 342 2319 cum
375 2272 527 2317 Carolo
558 2272 819 2324 Schmidtio,
851 2272 939 2316 viro
970 2271 1218 2317 doctissimo
1244 2271 1405 2330 ῥύσκευ
1437 2273 1559 2331 (730)
1594 2273 1773 2316 formam
1807 2274 2038 2317 iterativam
2071 2288 2164 2317 esse
2196 2281 2448 2320 statuemus.
2473 2275 2527 2333 “)

383 2352 507 2407 Quod
538 2368 591 2396 ne
621 2361 779 2396 temere
810 2351 956 2403 videar
985 2350 1278 2403 contendisse,
1325 2353 1406 2395 iam
1447 2351 1539 2395 vide
1570 2353 1615 2395 in
1644 2354 1797 2397 ceteris
1827 2353 2089 2413 rhapsodiis,
2125 2360 2227 2414 quot
2257 2355 2417 2399 formae
2449 2355 2665 2399 iterativae

175 2429 421 2475 occurrant,
467 2423 509 2466 in
540 2422 601 2466 rh.
631 2424 666 2465 A
697 2428 784 2465 tres
815 2421 1102 2480 (490—492),
1147 2435 1299 2465 novem
1330 2422 1372 2464 in
1401 2422 1441 2463 B
1479 2423 1603 2479 (189,
1638 2425 1740 2475 199,
1773 2424 1878 2473 221,
1910 2424 2017 2475 271,
2049 2424 2161 2475 539,
2193 2424 2301 2476 758,
2332 2424 2462 2482 832),
2501 2431 2667 2482 septem

175 2492 218 2536 in
247 2490 293 2535 Γ
317 2493 447 2552 (180,
480 2493 585 2545 217,
617 2493 724 2545 219,
754 2492 862 2543 297,
893 2491 999 2542 3¹9,
1030 2490 1149 2550 388),
1178 2490 1365 2552 quinqne
1396 2489 1436 2532 in
1467 2490 1498 2532 Δ
1529 2490 1626 2548 (46,
1655 2491 1734 2543 81,
1764 2492 1842 2544 85,
1875 2492 1982 2544 233,
2013 2492 2136 2550 241),
2168 2498 2265 2536 octo
2297 2493 2340 2536 in
2360 2492 2399 2535 E
2427 2492 2545 2551 (126,
2563 2494 2669 2545 472,

175 2563 283 2617 708,
313 2563 421 2615 786,
449 2563 556 2612 788,
591 2562 701 2612 790,
734 2562 840 2612 802,
872 2562 990 2615 857),
1022 2565 1204 2619 quatuor
1233 2559 1275 2602 in
1306 2558 1350 2602 Z
1374 2559 1467 2617 (15,
1499 2561 1572 2613 19,
1600 2562 1709 2612 402,
1741 2560 1863 2619 460),
1909 2561 2094 2622 quinque
2125 2561 2167 2603 in
2197 2560 2242 2602 H
2268 2561 2392 2619 (140,
2426 2565 2530 2612 141,
2562 2563 2664 2614 153,

177 2633 281 2684 178,
311 2630 432 2689 201).
465 2646 541 2674 sex
572 2630 613 2673 in
650 2629 682 2672 Θ
713 2630 843 2688 (250,
874 2631 1069 2681 270-2,
1100 2631 1206 2680 363,
1236 2631 1359 2687 364),
1392 2627 1536 2671 decem
1567 2631 1608 2672 in
1639 2629 1665 2671 l
1689 2632 1807 2687 (331,
1828 2633 1927 2680 332,
1947 2632 2048 2683 353,
2068 2633 2170 2684 450,
2190 2634 2290 2686 451,
2308 2635 2409 2683 486,
2429 2629 2668 2687 54αὸ62),

175 2714 258 2744 una
290 2698 332 2743 in
362 2698 407 2742 K
430 2700 575 2757 (490),
604 2696 798 2743 undecim
830 2698 872 2741 in
902 2698 938 2741 Δ
966 2698 1038 2754 m)
1070 2698 1167 2754 (64,
1199 2700 1302 2750 125,
1332 2700 1445 2748 330,
1473 2699 1666 2749 566-8,
1696 2702 1803 2750 627,
1834 2702 1941 2748 636,
1972 2702 2078 2752 669,
2109 2703 2213 2752 673,
2241 2701 2363 2758 746),
2398 2699 2509 2742 nulla
2538 2700 2579 2740 in
2599 2698 2655 2751 M,

175 2781 251 2821 sex
281 2766 323 2812 in
353 2767 394 2811 N
420 2766 547 2825 (106,
577 2769 685 2820 372,
716 2768 824 2819 398,
855 2768 963 2817 407,
991 2767 1099 2820 461,
1129 2765 1251 2823 697),
1282 2764 1391 2811 duae
1427 2765 1467 2810 in
1499 2764 1539 2809 Ξ
1564 2765 1692 2823 (124,
1724 2767 1846 2825 382),
1880 2777 2043 2826 septem
2075 2768 2115 2811 in
2152 2769 2184 2811 O
2214 2769 2304 2824 (23,
2326 2772 2425 2821 334,
2446 2772 2544 2821 338,
2559 2771 2664 2818 640,

175 2838 283 2889 646,
313 2838 420 2889 723,
448 2835 571 2892 745),
604 2842 702 2880 octo
735 2835 776 2879 in
806 2833 854 2879 Π
878 2836 1002 2894 (147,
1032 2837 1225 2889 225-7,
1254 2838 1359 2886 292,
1388 2838 1495 2888 550,
1525 2836 1633 2888 551,
1666 2836 1785 2893 719),
1815 2834 2009 2880 undecim
2043 2836 2082 2879 in
2113 2836 2153 2879 P
2177 2838 2296 2893 (308,
2317 2839 2417 2888 351,
2438 2838 2538 2887 409,
2558 2838 2664 2883 414,

173 2906 280 2959 420,
308 2906 418 2956 423,
447 2903 556 2951 461.
583 2906 692 2956 462,
724 2905 831 2957 575,
859 2905 981 2962 585),
1011 2918 1161 2948 novem
1193 2903 1234 2947 in
1265 2902 1308 2948 Σ
1334 2904 1460 2963 (118,
1494 2905 1597 2957 159,
1633 2906 1736 2958 160,
1768 2905 1872 2958 259,
1903 2907 2007 2957 289,
2042 2906 2147 2955 546,
2176 2906 2287 2957 599,
2322 2904 2442 2962 602),
2473 2903 2660 2964 quinque

176 2973 217 3016 in
247 2973 290 3037 *T
314 2974 411 3032 (42,
441 2975 518 3028 86,
550 2975 653 3024 132,
686 2974 789 3024 135,
820 2974 941 3032 295),
971 2972 1156 3035 quinque
1188 2972 1228 3016 in
1264 2972 1306 3016 Y
1330 2973 1429 3031 (28,
1462 2973 1565 3018 229.
1597 2973 1834 3032 408-10),
1873 2971 1980 3016 duae
2013 2972 2052 3016 in
2088 2972 2124 3016 Φ
2155 2972 2242 3031 (31,
2270 2972 2393 3031 448),
2436 2970 2583 3017 decem
2618 2974 2661 3018 in

174 3042 217 3085 X
243 3044 369 3101 (155,
400 3045 504 3097 197,
533 3045 640 3097 372,
669 3044 775 3095 375,
803 3044 908 3097 433,
936 3044 1047 3094 458,
1078 3044 1189 3095 459,
1219 3044 1326 3097 501,
1354 3042 1478 3101 503),
1510 3048 1596 3085 tres
1628 3042 1668 3086 in
1708 3041 1750 3085 Ψ
1773 3043 1844 3099 (61
1864 3077 1874 3097 ,
1907 3044 2010 3096 369,
2041 3043 2159 3101 827).

341 3209 348 3216 .
374 3183 432 3216 85.

206 3181 262 3285 :⁸3
314 3193 437 3276 ¹i’rohe
462 3252 524 3276 aus
549 3241 646 3276 einer
670 3240 1028 3276 wissenschaltlichen
1054 3241 1276 3286 Darstellnng
1300 3240 1363 3276 des
1386 3240 1625 3285 griechischen
1651 3240 1831 3275 Verbums.
1880 3241 1999 3285 Progr.
2049 3240 2171 3275 Bielef.
2200 3242 2303 3275 1861.

190 3296 264 3342 m)
312 3294 342 3332 A
367 3297 436 3332 604
458 3297 667 3345 παρέβασκε
690 3298 800 3333 forma
826 3299 984 3333 iterativa
1003 3298 1087 3334 'esse
1113 3308 1183 3334 non
1209 3298 1347 3334 videtur
1371 3297 1414 3332 cf.
1441 3297 1595 3333 Schmidt
1618 3297 1639 3332 l.
1666 3297 1687 3333 1.
1714 3308 1747 3342 p.
1774 3298 1806 3333 6.
