2860 3631
1246 105 1589 151 —20-

167 235 327 299 quibus
357 250 411 279 ne
442 232 742 280 audacissimis
770 232 941 296 quidem
972 231 1231 278 athetasibus
1261 231 1368 277 baec
1397 230 1623 311 rhapsodia
1653 231 1807 293 poterit
1834 232 2021 292 purgari.
2070 230 2270 287 atenim
2285 233 2377 296 qui
2390 239 2543 294 postea
2572 234 2658 282 fue-

171 312 272 352 runt
300 311 454 364 poetae
488 301 602 347 baud
641 318 740 349 raro
767 317 918 348 versus
954 301 1237 363 antiquiorum
1275 301 1511 346 carminum
1547 315 1650 346 suos
1683 300 1898 355 fecerunt,
1947 314 2098 362 neque.
2108 298 2176 350 id
2188 297 2546 363 vituperandam
2562 316 2662 352 a..

168 371 374 422 arbitror,
420 369 658 417 dummodo
697 369 925 431 prudenter
960 370 1003 414 in
1033 384 1084 413 ea
1113 384 1160 413 re
1198 375 1328 428 agant
1356 385 1590 431 sanumque
1617 367 1848 416 adhibeant
1883 368 2085 425 iudicium
2122 369 2194 428 (in
2232 367 2492 433 quibusdam
2530 368 2662 416 rebm

164 441 415 486 varietatem
443 455 653 501 quaerere
683 441 870 501 ineptum
901 439 1075 484 forsitan
1104 444 1231 500 atque
1260 437 1376 486 futile
1405 439 1495 498 sit).
1555 436 1675 484 Velut
1705 438 1743 483 ei
1789 437 1832 483 in
1870 436 1934 493 rh.
1973 437 2009 494 Q
2045 453 2085 486 v.
2109 440 2202 493 58
2216 439 2260 484 οἱ
2281 438 2377 498 μὲν
2395 439 2662 502 amalum:

167 507 277 566 ἔβαν
307 509 516 570 κλισίηνδε
545 508 729 557 ἕκαστος·
757 508 960 568 repetitus
988 513 1055 553 est
1083 522 1137 552 ex
1165 508 1200 551 A
1229 510 1316 555 606
1345 507 1561 567 (οἶκόνδε),
1609 522 1695 553 non
1732 505 2035 568 vituperandus
2062 513 2131 558 est
2157 513 2304 568 poue,
2348 498 2467 571 quod
2495 507 2651 558 mdem

167 574 366 623 utebatur
394 595 542 632 versu,
588 576 816 639 prudenter
844 577 931 637 egit
959 575 1076 639 quod
1106 575 1215 622 bene
1244 576 1484 637 intelligens
1512 575 1680 621 οἶκόνδε
1717 592 1804 622 non
1834 576 1876 621 in
1907 591 2006 622 eum
2033 575 2198 633 locum,
2233 576 2318 624 nbi
2363 574 2430 627 de
2458 576 2657 626 buton-iis

168 655 390 708 ageretur,
436 647 647 708 quadrare
677 662 847 691 versum
880 646 1065 691 mutavit.
1126 644 1361 691 Prudenter
1390 647 1459 692 hic
1488 646 1542 692 de
1571 661 1656 709 quo
1686 646 1856 706 agimus
1886 644 1926 690 Ω
1950 632 2038 694 442
2079 662 2182 695 usus
2210 653 2276 692 est
2304 663 2451 704 versu,
2489 650 2563 711 qui
2591 655 2658 694 est

168 717 210 763 P
231 720 333 765 456.
393 719 447 762 At
477 715 685 761 interdum
705 716 772 760 isti
803 721 955 776 poetae
985 715 1237 776 pravissimo
1278 722 1408 777 atque
1457 731 1634 777 prorsus
1661 729 1862 777 perverso
1900 714 2090 761 imitandi
2121 706 2264 763 studio
2293 715 2410 763 ducti
2439 718 2655 780 nimiaque

170 786 329 832 alienos
357 802 506 831 versus
537 801 639 830 suos
670 785 849 830 faciendi
879 784 1108 845 cupiditate
1138 786 1373 839 occaecati,
1417 791 1503 830 tam
1535 783 1826 844 imprudenter
1853 791 2052 843 egerunt,
2096 792 2142 831 ut
2165 783 2433 842 foedissime
2460 786 2653 835 laberen-

166 862 236 899 tur
265 856 438 917 suisque
467 855 658 914 ipsorum
688 854 848 914 laqueis
877 854 1022 898 irretiti
1058 861 1314 899 tenerentur.
1367 853 1493 909 Quod
1523 870 1574 899 ne
1604 860 1761 898 temere
1792 853 2018 914 leviterque
2047 854 2194 911 videar
2221 855 2523 911 contendisse,
2557 856 2654 916 lege

169 925 207 968 si
238 924 376 983 placet
404 942 443 967 ω
461 928 547 970 408
569 940 654 983 quo
670 922 724 968 de
744 940 868 967 versu
891 924 974 968 iam
996 923 1076 968 alio
1098 924 1191 968 loco
1212 924 1379 980 egimus
1394 925 1446 981 '),
1466 923 1561 968 vide
1582 922 1636 968 ad
1655 938 1867 983 quaenam
1896 923 2073 968 artificia
2104 922 2291 970 editores
2319 925 2581 985 confugiant,
2608 934 2656 977 ut

167 1010 341 1039 versum
371 992 485 1038 illum
516 991 737 1052 explicent.
798 991 1017 1052 Repetitus
1046 999 1111 1037 est
1142 1008 1192 1037 ex
1220 1008 1250 1050 ρ
1282 994 1383 1043 602,
1413 991 1485 1038 ubi
1516 993 1656 1038 omnia
1687 990 1794 1036 bene
1825 1006 1871 1036 se
1903 989 2081 1048 babent3
2114 991 2157 1037 in
2188 992 2259 1040 rh.
2291 1010 2329 1038 ω
2365 1001 2507 1041 autem
2538 994 2652 1042 nullo

169 1061 301 1109 modo
332 1062 533 1121 explicari
564 1061 735 1121 poterit.
2014 1079 2017 1082 ’

381 1133 433 1177 At
462 1145 559 1175 raro
589 1136 675 1174 tam
706 1129 853 1175 leviter
885 1135 1055 1189 tamque
1086 1127 1392 1175 inconsiderate
1432 1130 1688 1189 posteriores
1729 1127 1818 1174 illos
1858 1136 2009 1187 poetas
2040 1130 2183 1189 egisse
2213 1138 2546 1179 consentaneum
2577 1139 2656 1189 est,

167 1209 215 1247 ut
245 1202 338 1245 loco
370 1199 625 1246 alienissimo
656 1198 815 1243 alienos
844 1214 995 1242 versus
1025 1204 1252 1258 ponerent3
1284 1205 1327 1242 at
1357 1198 1437 1243 alio
1467 1197 1652 1261 quodam
1684 1196 1810 1242 modo
1841 1198 1967 1242 etiam
1998 1199 2175 1260 saepius
2205 1199 2405 1246 videntur
2435 1216 2653 1263 peccasse.

167 1269 378 1315 Interdum
409 1270 521 1314 enim
552 1284 724 1322 versus,
756 1284 867 1328 quos
887 1284 983 1313 esse
1006 1267 1230 1330 mutandos
1258 1267 1562 1323 intellexerunt,
1586 1274 1795 1312 mutarunt
1815 1266 2001 1327 quidem,
2028 1268 2105 1313 se‘d
2122 1269 2178 1314 ita
2194 1277 2240 1315 ut
2267 1273 2533 1316 constructio
2563 1288 2654 1317 ver·

167 1339 319 1384 borum
349 1339 467 1382 fieret
497 1337 841 1396 impeditissima,
865 1345 911 1380 ιιι
940 1353 1083 1380 sermo
1115 1352 1197 1380 non
1228 1344 1342 1380 esset
1372 1337 1525 1396 planus
1555 1343 1679 1398 atque
1709 1336 1980 1396 perspicuus,
2025 1337 2228 1383 sententia
2258 1336 2497 1384 obscurior.
2531 1339 2646 1384 Con—

168 1410 243 1459 fer,
273 1414 318 1451 ut
350 1408 523 1451 afferam
553 1405 805 1465 exemplum,
837 1423 875 1448 ω
908 1408 1136 1452 109—113
1180 1413 1219 1449 et
1237 1405 1270 1448 λ
1298 1408 1545 1453 399-403.
1591 1404 1681 1450 Hoc
1711 1406 1803 1451 loco
1833 1405 1972 1464 agitur
2000 1404 2053 1452 de
2084 1407 2430 1466 Agamemnone,
2463 1406 2531 1454 illo
2561 1407 2655 1454 loco

165 1480 207 1523 in
238 1479 369 1522 altera
401 1477 546 1535 necyia
577 1475 725 1536 plurali
756 1491 933 1521 numero
963 1482 1029 1520 est
1060 1491 1193 1536 opus,
1231 1475 1332 1535 quia
1361 1474 1545 1534 loquitur
1575 1473 1628 1520 de
1658 1473 1867 1537 pluribus,
1914 1473 1968 1521 de
1999 1475 2167 1536 procis,
2200 1492 2419 1539 quumque
2449 1477 2654 1524 accusati·

163 1562 244 1592 vus
275 1547 440 1591 numeri
471 1546 644 1606 pluralis
669 1544 999 1605 μαχεσαμένους
1030 1544 1168 1589 versui
1199 1551 1478 1604 repugnaret,
1530 1560 1614 1589 non
1652 1542 1852 1589 dubitavit
1893 1559 2050 1604 ponere
2089 1545 2393 1590 nominativum
2436 1547 2577 1608 itaque
2608 1554 2651 1592 et

164 1618 493 1660 concinnitatem
525 1615 710 1673 neglexit
739 1621 782 1657 et
810 1616 1062 1657 sententiam
1094 1614 1379 1672 maximopere
1410 1612 1665 1657 obscuravit.
1699 1615 1916 1658 Praeterea
1948 1614 2094 1657 confer
2121 1615 2158 1658 si
2186 1614 2351 1659 videtur
2382 1632 2420 1658 ω
2450 1618 2537 1663 534
2570 1620 2655 1659 τῶν

167 1685 298 1745 δ’ἄρα
328 1685 563 1728 δεισάντων
595 1683 642 1726 ἐκ
663 1686 827 1744 χειρῶν
858 1681 1014 1726 ἔπτατο
1046 1681 1198 1743 τεύχεα
1227 1696 1324 1726 cum
1347 1681 1412 1726 illo
1444 1681 1537 1727 loco
1567 1697 1693 1743 quem
1715 1683 1898 1727 imitatus
1924 1689 1988 1726 est
2011 1699 2046 1741 μ
2077 1685 2163 1730 203
2195 1681 2340 1728 ἔπτατ’
2369 1683 2544 1744 ἐρετμά.
2580 1685 2655 1729 Ve-

163 1773 258 1802 rum
291 1757 395 1798 haec
425 1755 648 1805 hactenus,
680 1752 734 1794 ad
755 1754 864 1794 hanc
883 1752 1022 1795 lliadis
1043 1751 1263 1795 redeamus
1296 1752 1567 1811 rhapsodiam
1598 1760 1639 1795 et
1669 1752 1735 1795 hic
1766 1760 1890 1811 poeta
1919 1751 2134 1812 quomodo
2165 1754 2206 1796 in
2237 1770 2288 1797 ea
2320 1770 2364 1797 ro
2395 1771 2443 1798 se
2465 1756 2651 1813 gesserit

166 1833 335 1871 contem
369 1824 516 1867 lemur.

339 1841 543 1943 pAchivi,
582 1906 713 1952 quum
746 1905 875 1934 naves
913 1887 967 1933 ad
999 1904 1150 1948 agrum
1181 1889 1405 1933 Troianum
1437 1890 1722 1950 appulissent,
1770 1888 1948 1935 navibus
1983 1889 2204 1936 subductis
2233 1898 2374 1936 castra
2404 1897 2651 1953 posuerunt,

163 1978 273 2024 quae
303 1961 410 2006 vallo
442 1961 641 2020 fossaque
671 1957 1002 2002 circumdedisse
1034 1957 1302 2018 turribusque
1334 1957 1529 2003 videntur
1559 1959 1800 2003 munivisse.
1854 1958 2104 2004 Habitabant
2134 1966 2274 2004 autem
2297 1961 2338 2004 in
2368 1961 2560 2005 tentoriis
2589 1961 2654 2005 vel

161 2030 449 2075 tabernaculis
480 2029 527 2071 ἐν
556 2028 740 2081 κλισίαις,
759 2027 801 2071 id
832 2028 949 2088 quod
983 2027 1075 2087 plus
1105 2029 1341 2071 sexcenties
1371 2043 1394 2071 a
1428 2029 1565 2086 poetis
1595 2043 1729 2089 usque
1760 2035 2129 2073 commemoratur.
2180 2029 2299 2081 Quae
2330 2030 2511 2075 tentoria
2543 2044 2649 2089 quo·

161 2099 289 2146 modo
321 2099 472 2142 fuerint
503 2097 613 2140 facta
644 2103 769 2155 atque
800 2096 1001 2146 instituta,
1019 2112 1069 2140 ea
1090 2094 1142 2140 de
1166 2112 1208 2139 re
1230 2095 1284 2139 ab
1315 2095 1622 2156 antiquioribus
1652 2096 1788 2154 poetis
1819 2096 1915 2139 nihil
1936 2097 2163 2141 memoriae
2186 2112 2282 2142 esse
2313 2096 2527 2156 proditum
2547 2099 2643 2150 iam

162 2185 290 2229 supra
322 2166 725 2221 demonstravimus3
767 2164 834 2209 hio
864 2163 1035 2208 demum
1068 2164 1232 2210 Achillis
1262 2165 1488 2209 tentorium
1526 2162 1748 2223 aulamque
1778 2179 1863 2224 qua
1893 2162 2236 2210 circumdabatur
2274 2165 2440 2226 aliaque
2471 2180 2649 2213 accura-

158 2240 244 2284 tius
273 2244 315 2282 et
344 2235 597 2295 cognovisse
628 2233 793 2279 videtur
822 2240 865 2279 et
894 2231 1186 2293 descripsisse.
1247 2232 1355 2277 Nihil
1386 2234 1532 2278 attinet
1561 2233 1678 2279 locos
1708 2231 1867 2286 iliadis,
1913 2247 2022 2293 quos
2053 2248 2105 2279 ne
2134 2239 2295 2279 temere
2337 2249 2467 2294 agere
2498 2250 2649 2295 argue·

163 2324 255 2360 rer,
288 2306 438 2364 collegi
469 2320 642 2356 omnes,
674 2302 713 2348 h.
740 2302 765 2347 Ι.
798 2317 1067 2356 enumerare,
1097 2302 1198 2347 satis
1227 2303 1305 2347 erit
1335 2302 1576 2348 affirmasse
1606 2295 1847 2364 ubic'unque
1879 2301 1933 2348 de
1966 2301 2187 2349 domiciliis
2208 2302 2473 2360 Achivorum,
2495 2308 2566 2366 qui
2596 2303 2652 2349 ad

162 2376 330 2423 Troiam
363 2374 536 2435 profecti
568 2381 687 2426 sunt,
719 2372 946 2434 loquantur
975 2378 1148 2432 poetae,
1179 2387 1351 2433 semper
1382 2386 1457 2417 eos
1488 2372 1546 2417 uti
1576 2370 1784 2418 vocabulo
1815 2371 1973 2433 κλισίη,
2014 2371 2194 2418 Achivos
2234 2372 2373 2419 facere
2406 2372 2647 2421 habitantes

161 2449 204 2492 in
234 2446 424 2491 tentoriis
454 2443 751 2498 tabernaculis,
783 2457 867 2487 non
898 2443 940 2486 in
971 2441 1169 2487 domibus
1200 2442 1452 2494 aedibusve‚
1485 2441 1526 2486 id
1558 2442 1670 2503 quod
1709 2442 1772 2486 vel
1817 2443 1858 2485 in
1891 2442 1942 2486 iis
1973 2441 2111 2489 Iliadis
2157 2441 2369 2504 partibus,
2416 2459 2526 2505 quae
2558 2460 2644 2489 non

159 2517 251 2562 sine
283 2516 403 2560 iustis
435 2514 685 2575 magnisque
714 2513 856 2557 causis
886 2514 1120 2557 recentiore
1150 2519 1282 2558 aetate
1315 2513 1451 2557 factae
1483 2527 1579 2555 esse
1618 2519 1837 2572 putantur,
1876 2518 2088 2556 servatum
2118 2520 2187 2556 est
2215 2512 2538 2572 diligentissime
2572 2514 2645 2572 (cf.

160 2587 205 2630 K
227 2589 300 2632 74.
334 2588 432 2630 140.
466 2587 560 2629 148.
597 2585 693 2628 151.
722 2583 841 2639 566).
893 2582 1004 2636 Quid
1036 2581 1152 2644 quod
1183 2584 1223 2626 in
1253 2582 1449 2640 Odyssea
1478 2580 1549 2625 ubi
1580 2581 1633 2625 de
1664 2579 1791 2626 rebus
1821 2579 1875 2626 ab
1904 2581 2070 2627 Achivis
2100 2581 2154 2625 ad
2185 2581 2355 2627 Troiam
2385 2584 2519 2641 gestis
2549 2584 2645 2642 agi-

160 2662 231 2699 tur
261 2654 373 2698 idem
404 2652 657 2696 vocabulum
688 2659 915 2711 usurpatur
958 2651 1009 2705 (δ
1038 2654 1146 2704 255,
1184 2650 1215 2693 θ
1241 2653 1363 2709 501).
1425 2651 1506 2703 Qui
1537 2666 1771 2695 consensus
1807 2666 1939 2711 quum
1969 2652 2024 2696 sit
2066 2659 2229 2708 tantus,
2279 2653 2316 2697 si
2346 2668 2457 2697 unus
2488 2653 2647 2698 alterve

161 2726 283 2770 locus
313 2730 545 2782 repugnat.
574 2719 675 2780 quid
708 2719 761 2764 de
792 2736 844 2764 eo
875 2721 929 2764 sit
959 2719 1227 2765 statuendum
1266 2721 1377 2764 baud
1411 2719 1576 2765 difficile
1607 2722 1684 2764 erit
1713 2720 1767 2765 ad
1798 2719 2129 2765 diiudicandum.
2163 2719 2348 2765 Laudavi
2372 2737 2500 2782 supra
2531 2732 2631 2774 eum

163 2794 236 2853 qui
267 2791 388 2836 ludos
420 2790 617 2835 funebres
648 2790 818 2843 cecinit,
867 2788 980 2850 quod
1012 2790 1052 2833 in
1093 2806 1128 2834 v.
1169 2792 1225 2836 58
1256 2789 1424 2833 οἶκόνδε
1465 2791 1516 2846 (Α
1554 2793 1659 2842 606)
1704 2792 1808 2834 scite
1849 2790 2036 2834 mutavit.
2098 2788 2185 2834 Sed
2233 2787 2402 2834 duobus
2454 2789 2645 2835 eiusdem

159 2860 414 2923 rhapsodiae
447 2859 551 2905 locis
581 2856 775 2904 offendor
800 2858 1068 2917 gravissime,
1097 2874 1120 2903 e
1141 2858 1299 2918 quibus
1319 2874 1429 2905 unus
1450 2865 1513 2903 est
1534 2874 1572 2902 v.
1593 2860 1700 2907 5582
1730 2858 1929 2918 Ἀντίλοχ’
1950 2858 1989 2903 εἶ
2002 2857 2085 2916 μὲν
2107 2857 2161 2918 δή
2177 2874 2237 2917 με
2265 2857 2451 2908 κελεύεις
2479 2856 2647 2903 οἴκοθεν

163 2932 263 2974 ἄλλο
280 2932 295 2989 ΙΙ
314 2931 497 2989 Εὐμήλῳ
519 2929 756 2979 ἐπιδοῦναι,
777 2926 891 2988 quod
911 2927 1068 2971 donum
1090 2928 1260 2971 affertur
1281 2934 1393 2972 recte
1417 2926 1625 2987 κλισίηθεν
1646 2928 1786 2985 (564);
1809 2928 1927 2979 alter,
1944 2942 2041 2971 nam
2069 2930 2155 2975 592
2175 2926 2344 2971 οἴκοθεν
2365 2927 2640 2972 ἄλλο-ὁποι-

163 3000 338 3058 τὴσειας
369 2999 542 3041 forsitan
573 2996 787 3057 quandam
819 2996 972 3040 habeat
1001 2997 1331 3050 excusationem,
1363 2997 1468 3041 alter
1497 2997 1624 3055 igitur
1653 3003 1718 3040 est
1748 3012 1785 3042 v,
1818 2999 1903 3043 856
1934 2996 2100 3040 οἶκόνδε
2130 2995 2355 3056 φερέσθω.
2407 2995 2569 3057 (Schol.
2603 2996 2651 3040 ἐν

157 3068 276 3127 ἄλλῳ
306 3066 534 3127 κλισίηνδε,
565 3065 606 3111 id
636 3065 781 3110 vitium
814 3064 920 3112 bene
951 3065 1150 3111 intellexit
1180 3072 1222 3111 et
1250 3066 1455 3120 correxit,
1489 3065 1616 3111 multo
1648 3065 1795 3112 melius
1825 3066 1867 3110 in
1896 3081 1936 3111 v.
1966 3067 2066 3119 275.
2098 3065 2306 3127 κλισίηνδε
2335 3066 2577 3127 φεροίμην.)

369 3138 462 3181 Jam
493 3136 713 3181 videamus
742 3135 957 3197 quomodo
996 3136 1037 3179 in
1068 3151 1118 3179 ea
1157 3151 1202 3180 re
1241 3136 1308 3181 hic
1346 3143 1472 3196 poeta
1502 3144 1694 3180 versatus
1732 3136 1797 3183 sit.
1856 3134 2045 3181 Breviter
2084 3134 2293 3181 enambo
2339 3136 2498 3198 tibique
2546 3143 2646 3180 ante

210 3277 247 3322 ⁸)
306 3278 327 3310 1.
355 3278 375 3310 ι,
403 3288 436 3322 p.
463 3279 495 3312 5.
