2860 3631
1260 154 1315 161 -
1407 118 1460 174 '10
1550 154 1602 161 -.

256 284 258 286 -
306 261 311 294 ·.
381 256 480 300 Post
512 272 549 300 v.
591 261 677 304 278
708 257 870 317 Kochly
905 258 1074 317 ‘aliquot
1120 255 1563 301 versusintercidisse
1594 263 1740 301 censet
1768 258 1817 313 “).
1869 256 1971 301 nihi
2000 261 2267 301 ‘totam-'rem
2297 256 2369 303 bie
2397 257 2539 319 minna
2570 258 2666 326 μὲ.

173 329 319 389 spicue
349 341 574 372 enarrasse
605 326 782 373 videtur.
841 328 887 375 Si
916 328 1154 387 respexeris
1186 343 1249 371 vv.
1284 328 1512 374 148—152
1544 326 1811 386 (177-180)
1843 323 2078 381 dubitabis,
2116 332 2253 371 utrum
2291 324 2344 371 de
2375 327 2584 388 plaudit-02
2613 318 2668 374 zu

179 398 231 443 de
263 398 457 457 plaustro
488 404 530 441 et
560 412 686 442 curru
717 399 877 457 cogitet
908 405 1051 458 poeta,
1101 398 1141 440 in
1173 413 1210 441 v.
1252 399 1334 442 189
1376 395 1572 440 iubentur
1600 395 1669 440 filii
1700 397 1870 454 ἅμαξαν
1901 396 2108 457 ἐύτροχον
2139 396 2353 457 ἡμιονείην
2383 398 2589 450 burum}
2613 412 2667 444 ne

176 483 227 511 eo
257 465 432 524 quidem
464 465 583 518 loco,
617 466 689 511 ubi
719 481 830 526 opus
859 473 968 520 erat,
999 467 1082 512 nisi
1114 466 1171 510 ibi
1201 479 1370 526 quoque
1399 465 1592 510 lacunam
1625 474 1879 518 statuemus,
1917 465 2085 510 alterius
2115 482 2265 510 currus
2295 467 2340 510 fit
2370 468 2549 521 mentio,
2589 467 2666 511 de-

173 550 257 579 nuo
286 539 386 590 263,
417 538 517 590 265,
550 538 635 582 275
666 551 795 579 unum
826 535 1059 594 plaustrum
1091 541 1465 589 commemoratur,
1497 543 1539 578 at
1570 535 1611 577 in
1642 551 1680 578 v.
1712 538 1796 581 279
1827 535 1925 596 equi
1954 543 2343 580 commemorantur
2371 536 2664 597 atqneomni-

174 602 254 648 bus
286 604 391 648 locis
422 603 574 647 deinde
604 603 688 647 duo
721 604 957 648 invenimus
988 603 1190 649 vehicula.

380 676 466 719 304
497 674 555 715 τὼ
580 673 664 728 μέν
696 672 974 731 ζευγνύσθην.
1008 671 1150 717 Schol.
1182 672 1226 715 Β.
1258 672 1478 727 ζευγνύναι
1511 673 1832 731 προσέτασσον.,
1876 673 2019 717 Faesi=
2050 673 2111 717 sie
2149 688 2292 717 waren
2331 673 2440 718 eben
2474 688 2545 717 am
2578 676 2666 718 An·

174 758 380 802 spannen.
441 740 540 784 Mihi
573 741 678 784 baec
708 741 838 784 verba
869 740 1120 784 obscuriora
1152 756 1246 784 esse
1276 741 1486 784 videntur.

380 810 582 854 Versuum
606 811 677 869 qui
699 817 934 870 sequuntur
955 811 1070 854 multi
1093 809 1156 853 vel
1185 811 1256 853 toti
1286 809 1349 852 vel
1373 818 1516 868 partes
1544 826 1691 854 eorum
1715 810 1811 855 alibi
1833 810 2046 870 leguntur3
2078 809 2257 855 indicem
2287 811 2322 855 si
2345 810 2481 871 placet
2509 810 2664 859 evolve·

379 895 465 938 304
513 892 560 951 (ἡ
594 890 643 934 δὲ
675 890 890 951 παρέστη)
918 891 1125 951 χέρνιβον
1156 892 1206 950 “”)
1239 891 1475 948 ἀμφίπολος
1505 891 1693 950 πρόχοόν
1725 890 1859 949 θ’ἅμα
1883 894 2034 952 χερσὶν
2066 891 2238 952 ἔχουσα.
2307 891 2471 938 Electus
2502 898 2568 936 est
2598 891 2665 944 hic

172 978 320 1006 versus
352 961 405 1005 ab
437 962 677 1006 Aristarcho
710 968 882 1021 propter
913 961 1165 1007 vocabulum
1190 960 1417 1021 χέρνιβον,
1458 959 1571 1021 quod
1605 958 1658 1003 ab
1691 960 1895 1006 homerici
1935 962 2143 1007 sermonis
2176 978 2277 1013 usu,
2315 977 2440 1023 quem
2474 960 2538 1006 ille
2570 960 2663 1007 dili·

172 1031 418 1091 gentissime
451 1038 576 1092 atque
608 1031 848 1076 acutissime
881 1032 1205 1084 observaverat,
1257 1030 1433 1074 alienum
1467 1045 1561 1073 esse
1593 1030 1810 1074 contendit
1842 1025 2093 1076 rectissime.
2168 1031 2331 1076 Etenim
2362 1030 2476 1093 apud
2508 1032 2663 1075 Home·

173 1117 267 1143 rum
293 1101 480 1159 χέρνιβα
511 1116 605 1143 esse
637 1116 814 1158 aquam,
848 1116 957 1159 quae
990 1117 1117 1158 supra
1151 1116 1297 1143 manus
1329 1099 1585 1150 effundatur,
1620 1115 1693 1141 vas
1726 1108 1867 1143 autem
1901 1118 2030 1159 supra
2062 1100 2176 1160 quod
2209 1100 2448 1145 effundatur
2477 1116 2562 1144 non
2592 1116 2666 1146 no.

175 1171 325 1213 minari
370 1178 415 1212 ut
445 1170 482 1212 h.
517 1170 539 1213 l.
566 1169 794 1229 χέρνιβον,
841 1169 1049 1213 nominari
1087 1169 1260 1228 λέβητα.
1336 1167 1485 1210 Mirum
1528 1167 1638 1211 hunc
1677 1175 1845 1225 poetam
1887 1170 1982 1212 novi
2023 1168 2180 1230 aliquid
2226 1170 2487 1229 quaesivisse
2528 1183 2664 1229 neque

173 1254 267 1282 esse
299 1254 420 1281 usum
454 1254 573 1281 versu
607 1237 672 1281 illo
704 1237 918 1295 Odysseae
952 1238 1285 1296 frequentissimo
1310 1237 1496 1295 χέρνιβα
1535 1237 1813 1294 δ’ἀμφίπολος
1850 1239 2028 1297 προχόῳ
2065 1238 2247 1297 ἐπέχευε
2287 1239 2495 1297 φέρουσα.
2556 1238 2661 1294 Nam

172 1307 211 1351 h.
243 1322 365 1350 versu
399 1321 476 1349 nos
508 1321 653 1349 carere
686 1321 768 1348 non
800 1321 927 1367 posse
961 1315 1073 1349 recte
1106 1305 1318 1348 contendit
1352 1306 1517 1362 Kochly.
1555 1308 1675 1356 Quae
1709 1322 1776 1348 res
1809 1307 1843 1347 si
1877 1307 1996 1348 aliter
2026 1323 2121 1349 sese
2154 1306 2350 1356 haberet,
2384 1308 2466 1349 iam
2501 1307 2663 1351 dudum

172 1377 262 1419 sine
295 1376 424 1418 dubio
454 1383 567 1418 esset
599 1384 799 1418 remotus.
863 1377 1100 1418 Diintzerus
1132 1376 1240 1417 bunc
1269 1391 1436 1417 versum
1470 1374 1523 1416 ab
1555 1374 1796 1417 Aristarcho
1828 1375 2109 1433 vituperatum
2150 1382 2275 1434 atque
2307 1373 2512 1428 deletum,
2551 1372 2663 1419 undo

172 1463 254 1503 ego
287 1456 330 1487 ut
360 1463 412 1487 ex
445 1445 581 1488 multis
614 1445 704 1487 aliis
738 1443 863 1488 rebus
895 1445 1002 1488 hanc
1035 1444 1096 1489 rh.
1131 1443 1354 1489 recentiore
1388 1450 1523 1488 aetate
1555 1459 1650 1487 esse
1682 1443 1961 1503 compositam
1985 1442 2292 1490 coniiciendum
2325 1457 2420 1489 esse
2452 1443 2662 1499 existimo,

171 1513 399 1558 defendere
430 1522 608 1557 conatur
638 1516 725 1571 ω),
798 1514 845 1558 ln
877 1511 1158 1558 Massaliotica
1192 1512 1297 1557 enim
1332 1511 1419 1557 sch.
1451 1511 1497 1556 N.
1533 1511 1572 1556 h.
1605 1526 1772 1556 versum
1807 1512 1959 1558 lectum
1992 1526 2086 1559 csse
2118 1513 2238 1558 aliter
2268 1513 2396 1557 refert
2426 1515 2453 1574 ἡ
2484 1515 2661 1556 Μασσα·

171 1585 335 1642 λιωτικὴ
376 1583 498 1642 ταμίη
525 1583 637 1639 μετὰ
661 1584 813 1642 χερσὶν
856 1581 1017 1642 ἔχουσα
1050 1582 1119 1625 διὰ
1152 1583 1197 1625 τὸ
1223 1583 1279 1640 μὴ
1319 1581 1518 1641 εἰρῆσθαι
1558 1584 1629 1624 νῦν
1670 1582 1873 1641 συνήθως
1902 1583 2019 1641 αὐτῷ
2051 1583 2118 1625 ἐπὶ
2151 1586 2234 1625 τῶν
2266 1582 2434 1624 ὑδάτων
2475 1583 2560 1624 ἀλλ’
2597 1582 2664 1624 ἐπὶ

174 1657 248 1697 τοῦ
270 1653 450 1700 σκεύους
471 1654 520 1696 τὰ
543 1653 742 1712 χέρνιβα.
775 1653 893 1710 εἰμὴ
923 1651 1011 1709 ἄρα
1034 1653 1185 1699 ἑνικῶς
1205 1651 1360 1694 ἐνθάδε
1393 1651 1606 1709 γραπτέον
1632 1651 1840 1709 χέρνιβον
1867 1652 2116 1710 ἀμφίπολος.
2150 1653 2368 1711 Scriptum
2385 1653 2512 1711 igitur
2534 1653 2661 1697 fuisse

175 1723 216 1767 in
247 1721 529 1766 Massaliotica
571 1722 679 1765 hunc
718 1737 884 1765 versum
917 1722 996 1765 sic:
1032 1720 1220 1780 χέρνιβα
1250 1721 1486 1778 ἀμφίπολος
1517 1724 1639 1782 ταμίη
1666 1722 1777 1777 μετὰ
1801 1724 1955 1781 χερσὶν
1987 1720 2171 1780 ἔχουσα,
2225 1730 2269 1764 ut
2299 1721 2436 1764 hiatus
2465 1722 2663 1765 vitaretur

172 1799 319 1852 postea
352 1799 495 1835 censet
527 1807 623 1834 esse
656 1792 857 1848 scriptum
885 1791 1103 1849 χέρνιβον.
1166 1791 1214 1832 At
1245 1805 1400 1848 quaeso
1434 1791 1530 1849 quis
1563 1799 1605 1833 ut
1637 1792 1793 1834 hiatum
1827 1791 1980 1848 fugiat,
2033 1806 2186 1833 novum
2227 1792 2440 1849 excogitat
2476 1791 2659 1834 vocabu·

171 1862 270 1906 lum!
335 1860 494 1904 Deinde
528 1860 633 1917 sugit
663 1860 918 1903 Dtintzerum
952 1875 1039 1901 rem
1072 1866 1217 1902 contra
1248 1875 1338 1902 esse
1372 1875 1498 1918 posse
1531 1876 1579 1903 ac
1611 1860 1767 1903 statuit.
1833 1858 1974 1913 Quid?
2020 1860 2054 1903 si
2088 1866 2210 1918 poeta
2242 1860 2412 1919 scripsit
2436 1859 2659 1919 χέρνιβον,

171 1929 336 1974 doctior
367 1938 504 1973 autem
539 1929 664 1987 aliqui
697 1944 769 1971 seu
804 1936 927 1987 poeta
960 1944 1035 1971 seu
1069 1927 1301 1988 rhapsodus
1333 1944 1383 1971 ea
1416 1929 1593 1971 sortasse
1626 1936 1784 1981 aetate,
1818 1944 1900 1987 qua
1934 1929 2120 1971 carmina
2153 1929 2365 1971 homerica
2398 1929 2482 1971 iam
2515 1928 2661 1972 litteris

173 1998 363 2043 mandari
395 2006 544 2058 coepta
576 2007 687 2049 sunt,
720 2013 850 2057 quum
883 2013 966 2040 non
1000 1998 1213 2055 ignoraret
1238 1997 1423 2057 χέρνιβα
1457 1997 1568 2055 apud
1602 1998 1830 2041 Homerum
1862 2013 1957 2050 esse
1991 2012 2168 2056 aquam,
2198 1997 2357 2057 λέβητα
2389 2013 2491 2052 vas,
2522 1997 2660 2041 locum

171 2069 372 2120 correxit,
416 2075 631 2113 correctus
664 2070 704 2111 in
737 2067 1066 2111 Massalioticam
1099 2076 1289 2126 receptus
1320 2067 1413 2112 est?
1479 2068 1529 2111 Ut
1560 2075 1699 2110 autem
1732 2083 1800 2110 res
1832 2083 1926 2110 sese
1959 2067 2013 2108 ita
2046 2066 2197 2109 habeat
2230 2075 2274 2108 ut
2304 2067 2538 2110 Dfintzerus
2569 2066 2660 2127 opi-

171 2147 320 2192 natur,
356 2153 494 2181 nonne
526 2138 679 2180 mirum
712 2136 905 2179 ancillam
938 2137 1101 2179 narrari
1128 2136 1311 2195 χέρνιβα
1345 2153 1497 2198 aquam
1530 2137 1724 2179 manibus
1755 2143 1897 2179 tenere
1929 2136 2038 2179 nullo
2071 2134 2275 2179 vocabulo
2306 2152 2390 2195 quo
2421 2154 2496 2180 vas
2527 2136 2658 2194 signi-

171 2209 319 2252 ficetur
350 2206 543 2250 adiecto?
606 2207 819 2259 Quantum
852 2205 956 2249 haec
989 2206 1043 2248 ab
1077 2222 1155 2247 usu
1188 2205 1398 2249 homerico
1430 2206 1652 2249 recedunt!
1719 2204 1830 2257 Quid
1862 2204 2018 2247 multa?
2064 2213 2276 2264 utcunque
2308 2222 2397 2249 rem
2431 2204 2661 2265 explicabis

173 2277 226 2321 ab
259 2276 465 2320 homerici
499 2277 706 2319 sermonis
738 2275 1045 2319 consuetudine
1083 2276 1120 2319 h.
1152 2275 1174 2319 1,
1208 2275 1432 2319 abhorrere
1464 2291 1620 2334 negare
1652 2291 1735 2318 non
1768 2274 1939 2334 poteris.
2294 2281 2296 2283 ’

378 2350 619 2390 331-469.
671 2346 751 2388 Ubi
782 2346 943 2403 Jupiter
973 2345 1185 2387 Priamum
1216 2353 1253 2386 et
1283 2361 1536 2404 praeconem
1569 2346 1650 2387 iam
1683 2360 1757 2402 per
1789 2344 1998 2402 planitiem
2032 2343 2123 2387 vehi
2156 2343 2463 2397 animadvertit,
2494 2344 2657 2389 Mercu·

168 2416 280 2459 rium
315 2414 440 2457 filium
473 2414 736 2465 cohortatur,
787 2423 832 2456 ut
871 2429 945 2457 eos
987 2429 1124 2473 usque
1164 2412 1215 2456 ad
1256 2429 1381 2457 naves
1414 2422 1694 2472 prosequatur
1724 2411 1990 2456 Achivorum.
2053 2412 2183 2456 Cuius
2214 2412 2329 2457 dicto
2360 2412 2660 2473 obtemperans

171 2484 405 2527 Mercurius
437 2483 582 2526 similis
615 2482 869 2527 adolescenti
894 2483 1061 2526 Priamo
1094 2483 1139 2525 lli
1171 2483 1372 2525 tumulum
1407 2490 1715 2541 praetervecto‚
1748 2498 1876 2540 quum
1909 2480 1988 2525 sub
2019 2498 2242 2541 vesperam
2273 2498 2420 2542 equos,
2452 2499 2503 2526 ex
2529 2482 2659 2527 -fluvio

175 2561 219 2597 ut
251 2551 444 2597 biberent
476 2554 736 2604 retinuisset,
770 2553 960 2597 occurrit.
1023 2551 1157 2595 Senes
1189 2551 1311 2596 ambo
1344 2552 1692 2606 contremiscunt,
1736 2551 1966 2595 Mercurius
1999 2567 2073 2595 eos
2106 2551 2284 2609 benigne
2317 2552 2541 2612 alloquitur
2557 2551 2659 2596 Hec-

172 2623 363 2683 torisque
400 2620 595 2665 laudibus
628 2621 847 2666 celebratis
879 2638 924 2665 se
958 2622 1170 2681 quendam
1203 2638 1251 2665 cx
1283 2621 1611 2679 Myrmidonibus
1643 2638 1736 2664 esse
1769 2622 1985 2680 professus
2024 2620 2076 2664 ad
2109 2621 2303 2664 Achillem
2336 2638 2432 2665 sese
2463 2638 2538 2666 cos
2569 2637 2659 2681 per-

173 2692 398 2736 ducturum
431 2708 527 2736 esse
561 2692 780 2751 promittit.
843 2692 959 2734 Dona
991 2707 1015 2734 a
1048 2691 1213 2734 Priamo
1245 2691 1383 2734 oblata
1417 2689 1618 2749 repudiat.
1678 2690 1888 2734 Custodes
1926 2690 1997 2752 qui
2036 2691 2076 2733 in
2109 2689 2292 2735 turribus
2323 2701 2448 2752 atque
2488 2691 2541 2736 ad
2574 2692 2658 2736 sos·

170 2778 263 2806 sam
297 2770 394 2806 sunt
425 2761 620 2822 dispositi
651 2762 858 2820 consopit.
927 2764 1022 2814 Quo
1056 2762 1163 2804 sacto
1197 2762 1440 2819 perveniunt
1472 2759 1523 2804 ad
1558 2761 1725 2805 Achillis
1756 2760 2005 2814 tentorium,
2050 2759 2159 2804 unde
2192 2760 2422 2806 Mercurius
2453 2777 2499 2805 se
2532 2760 2659 2806 deum

171 2848 267 2876 esse
301 2833 524 2876 confessus
557 2831 609 2875 ad
643 2831 868 2890 Olympum
902 2829 1023 2874 redit.

215 2971 253 3015 *)
310 2983 344 3016 p.
372 2973 425 3007 13.
475 2972 526 3006 Da
553 2972 667 3005 haben
698 2973 762 3004 wir
787 2971 953 3005 zunachst
980 2972 1034 3004 die
1061 2971 1217 3014 Rustung
1242 2971 1301 3004 des
1326 2974 1385 3004 mit
1412 2970 1637 3004 Maulthieren
1666 2970 1883 3014 bespennten
1910 2970 2135 3015 Lastwagens
2161 2971 2320 3014 (ἅμαξα,
2337 2963 2478 3018 ἀπήνη)
2504 2973 2538 3006 in
2564 2970 2658 3006 zwei

309 3029 533 3074 dreizeiligen
561 3028 782 3073 (265—270)
808 3029 878 3062 und
904 3030 995 3062 zwei
1021 3029 1243 3072 vierzeiligen
1269 3029 1444 3072 Strophen
1472 3028 1703 3073 (271—278).
1754 3029 1853 3062 Dann
1884 3030 1927 3062 ist
1952 3029 2036 3063 aber
2062 3028 2221 3063 offenbar
2256 3030 2333 3063 eine
2360 3028 2476 3064 Lucke
2492 3055 2502 3072 ‚
2540 3040 2657 3074 unge-

309 3089 393 3121 wiss
418 3098 488 3121 von
515 3089 584 3122 wie
611 3086 679 3122 viel
706 3087 859 3122 Versen:
885 3087 947 3121 der
970 3087 1031 3120 mit
1056 3086 1189 3120 Rossen
1216 3085 1406 3131 bespannte
1425 3084 1682 3131 Prachtwagen
1709 3085 1770 3121 des
1795 3084 1950 3121 Priamos
1974 3091 2103 3121 musste
2130 3085 2204 3120 hier
2230 3086 2472 3121 ausdrucklich
2499 3086 2659 3122 erwahnt

309 3144 465 3178 werden.

202 3202 254 3245 “*J
313 3212 346 3246 p.
375 3201 428 3236 13.
478 3202 541 3237 Dic
567 3202 733 3236 Athetese
760 3213 829 3236 von
855 3203 923 3237 304
950 3212 1077 3246 wegen
1105 3202 1165 3234 des
1191 3208 1284 3234 sonst
1310 3201 1652 3246 ungebrauchlichen
1674 3201 1838 3247 χέρνιβον
1864 3202 2005 3235 konnen
2033 3203 2098 3234 wir
2125 3202 2217 3235 nicht
2241 3203 2456 3244 annelinum,
2484 3203 2545 3236 das
2570 3203 2592 3248 ἡ
2617 3199 2659 3235 δ’ὁ

309 3261 466 3306 παρέστη
494 3266 590 3294 ware
617 3261 706 3294 auch
734 3272 797 3305 gar
822 3273 863 3293 zu
892 3261 1148 3303 nichtssagend.

185 3318 259 3359 ***)
309 3328 342 3360 p.
369 3318 448 3352 398.
