2860 3631
109 285 113 287 “
395 267 543 332 Μαι
569 273 713 315 umen
748 279 1007 329 ους-σφι
1034 263 1243 313 vocabalo
1277 271 1382 329 pato
1409 263 1535 323 efflei,
1563 271 1610 313 ut
1637 263 1745 313 haec
1773 263 2002 327 rhapsodia
2037 265 2340 327 posterioribus
2369 266 2542 314 demum
2572 275 2680 314 tem-

187 336 383 401 peribus
392 338 505 383 faeta
527 350 638 382 sesa
658 335 875 389 videatur,
899 334 1114 398 quaedam
1142 336 1249 381 satis
1275 335 1437 382 bonam
1464 342 1594 398 atque
1623 333 1891 397 probabilem
1920 333 2078 380 habent
2105 335 2440 391 excusationem,
2472 335 2679 383 nonnulla

184 408 229 453 in
257 407 312 453 iis
336 406 535 453 versibus
557 412 688 456 snut,
735 406 811 465 qui
847 419 903 449 ex
929 403 1123 464 Odyssea
1159 411 1260 449 sunt
1286 404 1520 462 depromti‚
1550 404 1645 449 aliis
1680 417 1884 462 magnum
1919 403 2105 448 tribuere
2143 404 2325 463 singulis
2361 405 2453 450 leve
2495 406 2675 451 forsitan

186 481 313 537 atque
342 473 616 521 temenrinm
643 473 699 518 sit
726 499 785 507 —
814 480 858 519 at
886 473 979 534 ipsa
1005 470 1215 519 eimedi
1250 471 1552 519 vocabulorum
1582 472 1820 531 freqoemia
1857 487 1998 517 nonne
2042 472 2149 517 haee
2185 472 2414 531 rhapsodia
2452 473 2495 517 in
2535 474 2677 534 suspi-

188 543 357 592 cionem
386 540 590 591 weston-3

394 611 470 658 Vv.
500 614 561 659 20
586 617 629 656 et
656 614 712 658 21
745 610 804 656 ab
830 610 1124 656 Alexandrinis
1151 610 1366 656 delentur·
1416 608 1684 656 Contendnnt
1731 625 1808 655 eos
1855 610 2120 667 redundare,
2168 627 2252 657 non
2293 612 2523 658 convenire
2561 612 2678 659 «lovis

189 681 344 741 aegide
371 682 584 726 hominem
616 688 826 725 mortuum
863 682 988 740 tegi,
1016 695 1101 724 non
1144 681 1260 736 satis,
1290 687 1391 740 apte
1426 694 1582 740 corpus
1619 679 1676 722 ab
1706 680 1866 724 Achille
1905 687 2070 742 raptum
2110 695 2164 725 eo
2202 683 2299 743 ipso
2336 682 2421 742 tegi
2462 688 2679 748 tempore,

188 749 384 809 aegidem
413 766 500 794 non
527 767 625 794 esse
653 750 876 810 Apollinis,
908 765 1162 810 ‚repugnare
1193 751 1234 792 h.
1265 749 1291 791 Ι.
1323 750 1391 791 alii
1420 749 1585 792 cuidam
1617 749 1689 807 (Ψ
1712 754 1807 804 186,
1839 753 1957 808 188).
2018 752 2070 792 At
2110 752 2252 797 nescio
2294 766 2347 794 an
2380 751 2434 794 de
2467 750 2677 795 eiusmodi

188 820 293 866 loeis
323 819 447 865 aliter
461 819 530 863 -sit
558 817 842 864 iudicandum.
919 818 1083 863 Etenim
1113 820 1152 862 si
1182 819 1220 862 is
1247 820 1323 881 qui
1351 819 1461 861 hanc
1488 817 1761 879 rhapsodiam
1793 818 1948 863 adiecit
1978 822 2022 879 (a
2063 835 2148 880 quo
2178 821 2396 881 quaedam
2437 819 2546 866 bene
2585 834 2682 865 osne

185 890 374 935 instituta
402 884 488 933 non
518 891 653 948 nego)
684 890 728 932 in
758 888 899 932 mnkis
928 888 1034 931 locis
1063 887 1119 931 ab
1149 889 1311 931 ratione
1340 888 1555 931 homerica
1584 886 1628 930 id
1656 894 1724 930 est
1753 887 1807 930 ab
1836 903 1909 942 ea,
1956 903 2084 950 quam
2122 891 2165 932 in
2194 890 2348 933 ceteris
2376 888 2519 933 Iliadis
2548 890 2673 949 parti·

184 956 268 1005 bns
295 957 509 1019 plerisque
538 956 917 1016 deprehendimus,
941 955 1126 1010 recedit,
1146 958 1184 1001 si
1216 957 1444 1001 multarum
1475 972 1638 1010 rerum,
1658 972 1767 1018 quas
1794 956 1968 1015 quidem
2001 959 2260 1018 antiquiores
2295 959 2353 1002 illi
2384 965 2502 1003 vates
2531 957 2676 1002 viden·

184 1034 254 1073 tur
283 1027 528 1087 ignorasse,
575 1027 642 1072 vel
673 1026 797 1071 sliam
827 1026 892 1071 vel
923 1026 1126 1071 maiorem
1157 1024 1303 1071 habuit
1340 1026 1527 1070 notitiam
1556 1034 1683 1087 atque
1712 1027 1954 1079 scientiam,
2003 1028 2092 1071 iure
2124 1029 2276 1088 poterit
2317 1028 2489 1089 quaeri,
2541 1034 2679 1071 utrum

188 1096 252 1158 (id
281 1095 398 1159 quod
427 1091 695 1144 Alexandrini
726 1096 937 1156 fecerunt)
981 1111 1133 1141 omnes
1161 1094 1286 1141 huius
1322 1096 1386 1141 rh.
1417 1095 1515 1150 loci,
1563 1096 1636 1156 qui
1674 1111 1772 1140 cum
1810 1097 1965 1141 ceteris
2001 1098 2141 1142 iliadis
2185 1097 2376 1156 partibus
2418 1097 2680 1157 discrepant,

187 1167 272 1213 sint
301 1165 520 1212 reiiciendi
548 1173 675 1230 atque
705 1165 895 1220 delendi,
925 1180 1035 1210 anne
1064 1165 1150 1222 sint
1178 1165 1331 1225 integri
1360 1164 1588 1227 intactique
1618 1163 1904 1226 relinquendi,
1954 1172 2207 1225 argumenta
2245 1166 2442 1213 nimirum
2482 1166 2596 1212 unde
2624 1165 2679 1212 de

186 1237 422 1280 recentiore
451 1236 577 1279 huius
605 1236 738 1297 partis
767 1235 933 1295 origine
964 1235 1255 1279 coniecturam
1286 1234 1424 1279 facere
1457 1234 1591 1281 liceat,
1668 1233 1873 1296 Equidem
1901 1235 2106 1297 plurimos
2144 1235 2355 1282 eiusmodi
2395 1235 2511 1282 locos
2542 1236 2673 1297 (qnos

188 1304 318 1348 multo
347 1305 489 1364 plures
518 1311 615 1346 ante
644 1303 1020 1346 Alexandrinorum
1059 1311 1241 1346 aetatem
1279 1305 1408 1346 fnisse
1454 1307 1573 1365 puto)
1623 1304 1830 1348 delendos
1868 1319 1964 1349 osse
2015 1318 2149 1365 nego3
2196 1312 2342 1350 eontra
2389 1304 2674 1361 Alexandrini,

192 1375 266 1433 qui
304 1374 474 1417 tametsi
511 1373 643 1416 multa
680 1374 724 1415 in
764 1373 844 1415 hac
873 1373 933 1416 rh.
966 1372 1282 1432 vituperabant,
1330 1381 1471 1416 tamen
1517 1375 1703 1416 animum
1734 1373 1934 1416 inducere
1979 1387 2062 1416 non
2093 1382 2344 1433 potuerunt,
2395 1382 2442 1418 ut
2485 1388 2579 1418 eam
2619 1374 2677 1418 ab

193 1441 378 1486 Homero
409 1440 711 1494 abiudicarent,
741 1442 915 1503 quique,
942 1458 1073 1503 quum
1104 1443 1276 1494 falsam,
1298 1449 1344 1484 ut
1372 1457 1424 1484 eo
1453 1449 1641 1503 tempore
1673 1457 1752 1501 par
1780 1448 1897 1497 erat,
1914 1441 1967 1484 de
1987 1442 2170 1486 Homero
2200 1450 2324 1503 poeta
2354 1450 2397 1487 et
2425 1443 2479 1488 de
2509 1444 2674 1503 origine

193 1518 319 1574 atque
349 1509 590 1572 primordiis
619 1512 763 1570 poesis
792 1511 939 1571 opicae
970 1511 1177 1556 haberent
1213 1513 1483 1572 opinionem,
1528 1526 1637 1572 quae
1681 1513 1838 1555 ceteris
1868 1511 2071 1572 partibus·
2102 1513 2396 1572 repugnabant
2442 1513 2507 1557 vel
2546 1512 2672 1557 divini

191 1581 300 1662 luia
328 1587 480 1641 poetae
510 1581 680 1639 ingenio
709 1587 751 1623 et
779 1587 869 1625 arte
899 1580 1071 1640 indigna
1103 1597 1200 1625 esse
1229 1580 1503 1633 videbantur,
1542 1581 1770 1630 eartollere
1810 1588 1937 1643 atque
1971 1581 2111 1625 delere
2145 1597 2230 1625 non
2260 1581 2522 1625 dubitabant.
2581 1582 2679 1625 lure

194 1651 324 1710 igitur
355 1650 466 1698 hune
494 1649 633 1696 locum
664 1648 719 1695 ab
739 1649 1034 1695 Alexandrinis
1065 1657 1256 1695 notatum
1285 1665 1382 1695 esse
1411 1650 1621 1704 concedo,
1651 1650 1828 1694 athetesi
1858 1665 1941 1694 non
1976 1658 2066 1694 erat
2097 1650 2324 1703 utendum,
2355 1659 2446 1695 erat
2475 1650 2676 1694 confiten-

191 1718 292 1766 dum
322 1725 364 1764 et
393 1719 506 1765 hunc
533 1717 672 1765 locum
703 1724 746 1764 et
775 1718 898 1765 huius
930 1719 992 1764 rh.
1025 1719 1133 1765 alios
1162 1718 1316 1765 multos
1347 1735 1372 1765 a
1403 1719 1556 1764 ceteris
1586 1719 1738 1764 mirum
1768 1725 1980 1781 quantum
2013 1718 2228 1765 recedere.

401 1788 474 1834 Vv.
505 1791 691 1836 22—76.
749 1788 815 1833 Dii
844 1787 1133 1834 misericordia
1163 1790 1367 1835 commoti
1407 1795 1552 1849 petunt
1587 1804 1612 1834 a
1644 1787 1875 1843 Mercurio,
1925 1796 1971 1833 ut
2003 1789 2195 1834 Hectoris
2232 1805 2392 1849 corpus
2423 1790 2603 1843 furetur,
2653 1806 2678 1834 a

191 1858 386 1919 Neptuno
414 1857 578 1903 Junone
612 1856 797 1902 Minerva
838 1856 1135 1918 prohibentur,
1181 1858 1448 1918 increpantur
1484 1856 1537 1902 ab
1567 1857 1782 1917 Apolline,
1827 1858 1897 1903 cui
1945 1857 2175 1918 respondet
2215 1859 2339 1903 Juno.
2402 1859 2680 1918 Componitur

191 1928 283 1974 rixa
314 1942 339 1971 a
367 1927 490 1981 Jove,
526 1927 598 1987 qui
631 1927 825 1971 Hectoris
855 1926 1008 1987 pietate
1039 1927 1207 1971 laudata
1241 1942 1288 1972 se
1319 1943 1396 1988 per
1426 1926 1638 1972 Thetidem
1670 1926 1815 1973 Achilli
1848 1925 2190 1972 denuntiaturum
2221 1925 2431 1981 ostendit,
2463 1936 2508 1972 ut
2538 1928 2673 1988 pretio

194 2003 369 2056 accepto
399 1995 595 2041 Hectoris
624 2010 781 2056 corpus
814 1994 982 2040 reddat.

401 2064 530 2108 Multa
552 2065 603 2117 „in
632 2064 698 2107 his
727 2081 792 2107 vv.
824 2064 1090 2108 Alexandrini
1122 2066 1423 2124 vituperamnt.
1484 2065 1705 2108 Potissima
1737 2065 1919 2108 breviter
1947 2081 2182 2124 exponam:
2246 2071 2283 2111 1.
2319 2068 2365 2108 τὸ
2409 2067 2594 2109 κλέπτειν
2627 2066 2679 2108 δι’

181 2132 339 2192 Ἑρμοῦ
368 2131 490 2180 θεοῖς
516 2131 568 2176 οὐ
599 2132 778 2190 πρέπον.
839 2136 881 2178 2.
913 2134 961 2175 τὸ
992 2133 1179 2175 νείκεσσε
1209 2133 1286 2175 οὐκ
1314 2131 1403 2175 ἔστι
1432 2136 1566 2190 κρῖναι
1606 2131 1691 2175 ἀλλ’
1732 2134 1950 2190 ἐπιπλῆξαι
1980 2134 2007 2192 ἢ
2038 2134 2340 2192 διαφέρεσθαι.
2385 2138 2427 2180 3.
2459 2136 2487 2193 ἡ
2513 2135 2676 2191 μέσαυ·

189 2203 264 2251 λος
292 2201 484 2263 σημαίνει
514 2202 589 2262 τὴν
635 2199 682 2245 ἐν
727 2199 819 2261 ὄρει
868 2200 1025 2262 οἴκησιν
1049 2198 1235 2261 Ὁμήρου
1282 2201 1644 2261 παραδεδωκότος
1679 2202 1726 2247 ἐν
1765 2201 1883 2247 ἄστει
1923 2201 2170 2262 τεθράφθαι
2200 2204 2271 2247 τὸν
2297 2202 2571 2263 Ἀλέξανδρον
2609 2204 2678 2247 καὶ

188 2273 393 2333 μουσικὴν
422 2271 649 2334 ἠσκηκέναι
679 2270 723 2315 Γ
745 2274 816 2318 54.
845 2274 887 2317 4.
918 2272 946 2332 ἦ
970 2271 1219 2333 μαχλοσύνη
1248 2275 1401 2321 κοινῶς
1420 2272 1488 2316 ἐπὶ
1517 2276 1676 2329 γυναικὶ
1699 2273 1845 2331 μανία,
1870 2272 2103 2321 Ἡσιόδειος
2133 2271 2289 2318 δ’ἐστιν
2320 2274 2347 2334 ἡ
2377 2273 2511 2329 λέξιςς
2541 2275 2584 2322 5.
2601 2273 2676 2332 τὴν

194 2344 291 2403 περὶ
320 2342 499 2389 κάλλους
525 2342 658 2402 κρίσιν
689 2342 765 2384 οὐκ
802 2341 929 2384 οἶδεν.
960 2342 1147 2402 πολλαχῇ
1175 2342 1261 2401 γὰρ
1291 2341 1345 2385 ἂν
1375 2342 1566 2403 ἐμνήσθη
1597 2344 1671 2402 (cf.
1703 2342 1832 2388 schol.
1863 2344 1897 2387 Δ
1924 2343 2015 2400 52).
2047 2343 2082 2400 ¹')
2134 2342 2513 2401 Argumentumm,
2561 2358 2671 2402 quae

194 2411 323 2456 modo
353 2412 470 2455 attuli
500 2410 676 2455 alterum
708 2417 750 2455 et
794 2411 959 2454 tertium
1004 2409 1106 2457 salsa
1138 2417 1236 2455 sunt
1264 2417 1307 2455 et
1352 2412 1518 2465 inania,
1564 2424 1662 2456 nam
1708 2412 1869 2456 νείκεσε
1918 2411 1954 2457 h.
1986 2411 2010 2455 l.
2063 2426 2146 2457 non
2176 2410 2307 2458 habet
2336 2426 2431 2457 eam
2469 2411 2554 2457 vim
2585 2426 2671 2473 qua

194 2480 445 2525 scholiastae
474 2478 796 2525 offendebantur
826 2478 1064 2533 iudicandi,
1095 2479 1222 2524 habet
1249 2481 1333 2525 vim
1364 2479 1629 2541 increpandi,
1660 2479 1814 2528 deinde
1844 2495 1928 2526 non
1959 2486 2124 2526 constat
2143 2480 2337 2527 Paridem
2368 2481 2412 2526 in
2443 2480 2549 2528 urbe
2578 2496 2674 2526 esse

196 2549 425 2595 educatum
469 2564 607 2610 neque
652 2564 839 2608 unquam
870 2556 1018 2608 postea
1047 2549 1103 2593 ad
1133 2564 1290 2609 greges
1320 2549 1494 2595 rediisse
1525 2553 1590 2606 *').
1652 2551 1803 2594 Cetera
1836 2565 1946 2610 quae
1977 2557 2288 2612 proposueruut
2329 2550 2550 2610 probanda
2579 2565 2676 2596 esse

196 2617 297 2663 mihi
325 2617 534 2663 videntur.
588 2617 709 2661 Nullo
741 2616 868 2661 modo
897 2618 988 2661 fieri
1019 2625 1205 2677 poterat,
1235 2625 1279 2662 ut
1309 2620 1518 2680 antiquior
1546 2618 1721 2679 quilibet
1751 2626 1873 2680 poeta
1905 2620 2079 2677 (scilicet
2108 2627 2203 2664 ante
2234 2627 2415 2665 aetatem
2450 2620 2667 2678 cyclicam)

196 2687 441 2732 certaminis
471 2687 603 2741 illius,
631 2702 716 2747 quo
748 2686 803 2731 nil
834 2687 920 2731 sere
952 2693 1099 2745 postea
1129 2687 1306 2741 clarius,
1337 2686 1453 2748 quod
1482 2687 1535 2731 de
1564 2687 1872 2748 pulchritudine
1902 2689 2011 2732 inter
2041 2681 2127 2733 tres
2159 2690 2249 2733 illas
2280 2689 2384 2734 deas
2424 2704 2519 2733 esse
2550 2704 2673 2733 exor-

196 2764 285 2801 tum
314 2761 464 2816 postea
493 2755 754 2801 celebratum
783 2762 869 2810 est,
918 2755 958 2800 h.
991 2756 1017 2800 Ι.
1052 2756 1210 2800 faceret
1240 2758 1508 2801 mentionem.
1570 2758 1785 2817 Nusquam
1825 2773 1902 2816 per
1931 2765 2063 2800 totam
2094 2766 2136 2801 et
2166 2758 2336 2802 iliadem
2367 2765 2409 2801 et
2439 2758 2672 2816 Odysseam

199 2825 261 2884 (et
289 2830 376 2868 tam
407 2839 535 2885 saepe
565 2824 655 2870 fieri
687 2830 853 2885 poteret
888 2829 1014 2886 atqu—0
1052 2823 1160 2870 adeo
1190 2831 1280 2870 erat
1309 2827 1503 2884 necesse)
1548 2824 1677 2870 ullum
1727 2827 1914 2872 invenies
1965 2827 2125 2880 locum,
2175 2826 2285 2872 unde
2326 2827 2433 2871 hane
2473 2826 2673 2878 fabulam,

194 2908 322 2953 quam
354 2893 534 2939 sortasse
566 2909 618 2938 ne
650 2892 858 2939 Hesiodus
887 2892 1082 2956 quidem,
1113 2895 1184 2956 qui
1216 2894 1348 2941 multo
1378 2902 1473 2955 post
1504 2895 1597 2948 suit,
1628 2896 1764 2949 novit,
1796 2895 2008 2940 homerica
2039 2903 2173 2941 aetate
2204 2903 2345 2940 notam
2378 2897 2506 2940 fuisse
2536 2896 2668 2940 conii-

194 2977 292 3009 cere
322 2962 457 3009 liceat.
490 2962 563 3021 “““)
624 2962 853 3008 Consilium
894 2979 1065 3026 quoque
1102 2963 1220 3020 illud,
1264 2981 1351 3026 quo
1393 2963 1623 3011 Mercurius
1663 2981 1686 3010 a
1718 2964 1798 3010 diis
1845 2964 1976 3027 (quod
2015 2981 2098 3010 non
2138 2981 2286 3010 omnes
2323 2964 2377 3008 dii
2422 2964 2526 3010 illius
2570 2963 2673 3008 furti

239 3092 277 3139 ε)
331 3092 1053 3133 cr.n.n.V.·‹1923.A·‹1225.

222 3150 278 3196 ⁸⁸)
334 3151 379 3186 cf.
405 3151 443 3186 F.
469 3152 508 3186 G.
534 3149 698 3187 Welcker
720 3162 777 3196 ep.
802 3151 900 3197 Cyel.
925 3151 957 3185 11
980 3163 1014 3195 p.
1042 3152 1119 3188 116.

208 3207 284 3254 *J
336 3208 380 3244 cf.
404 3207 508 3244 Fessi
530 3207 574 3243 ad
601 3206 633 3244 Ω
654 3208 712 3245 29.
761 3206 837 3251 Qu·
862 3208 907 3244 de
930 3220 969 3245 re
993 3219 1064 3244 non
1089 3216 1185 3245 recte
1226 3210 1419 3255 disputasse
1448 3210 1531 3244 mihi
1561 3210 1707 3246 videtur.
1755 3210 1882 3245 Nestor
1917 3211 1974 3246 ille
1999 3212 2032 3245 in
2058 3217 2173 3245 nostra
2198 3212 2375 3255 provincia
2403 3211 2675 3258 philologornm.

333 3265 372 3302 F.
387 3266 426 3302 G.
443 3265 651 3303 welches-us
670 3266 722 3302 vir
757 3266 974 3302 doctissimus
982 3266 1022 3312 (1.
1037 3267 1060 3303 l.
1076 3278 1112 3313 p.
1131 3266 1228 3314 1143·
1253 3267 1327 3305 „na
1343 3278 1413 3303 nnn
1426 3277 1466 3303 so
1483 3266 1572 3303 viele
1588 3264 1778 3304 Umnde
1791 3268 1825 3303 in
1842 3268 1905 3303 der
1920 3277 2055 3314 genten
2069 3268 2275 3305 Geoehichte
2290 3270 2358 3305 seit
2366 3268 2495 3306 llo-ier
2511 3271 2668 3307 eiusfin-

334 3325 407 3368 mig
429 3323 562 3358 eruhlt
584 3324 749 3366 wurden,
775 3324 831 3359 die
855 3324 1046 3370 Erlindung
1070 3336 1150 3359 vom
1176 3325 1303 3369 Rumpf
1323 3326 1386 3359 der
1410 3325 1599 3359 Gottinnen
1625 3326 1710 3360 aber
1733 3335 1772 3360 so
1798 3325 1954 3368 einhch,
1994 3335 2034 3359 so
2060 3326 2182 3371 sung,
2207 3336 2247 3361 eo
2273 3327 2473 3373 mentelii,
2498 3339 2555 3363 um
2581 3327 2666 3364 alles
