2860 3631
1233 122 1289 128 .....
1384 96 1435 138 10
1524 123 1579 129 .-

152 230 347 265 auctores
378 230 495 268 sunt.
542 221 582 262 id
626 222 726 263 mihi
766 237 848 265 non
889 222 1125 278 urgendum
1173 236 1267 264 esse
1300 221 1479 276 videtur)
1513 221 1704 264 Hectoris
1735 236 1892 279 corpus
1924 223 2135 280 surripere
2169 223 2360 274 iubetur,
2413 225 2523 268 haud
2569 229 2645 270 im-

154 292 302 334 merito
340 291 612 347 vituperatur.
678 290 797 334 Adde
844 290 958 350 quod
999 292 1077 333 hoc
1117 299 1277 333 tantum
1319 290 1411 334 loco
1464 293 1520 346 (et
1554 293 1650 345 109)
1701 291 1741 333 in
1779 290 1903 333 Iliade
1945 290 2176 334 Mercurius
2218 300 2394 335 vocatur
2429 293 2651 354 ἐύσκοπος,

151 360 320 417 saepius
354 360 394 401 in
427 358 634 416 Odyssea.
698 360 741 402 In
774 358 978 402 vocabulo
1005 359 1253 417 μαχλοσύνη
1284 361 1322 414 “)
1355 359 1558 403 obscoeni
1590 358 1789 416 quiddam
1822 358 1988 402 videtur
2027 361 2185 412 inesse,
2227 377 2310 419 qua
2342 361 2393 404 de
2427 378 2557 407 causa
2594 366 2647 409 ab

150 427 443 472 Alexandrinis
477 429 763 486 improbatum
797 435 883 479 est;
917 428 1082 470 fuerunt
1113 429 1185 488 qui
1216 434 1347 471 totum
1381 428 1688 472 hemistichium
1722 434 1943 471 mutarent.

360 498 454 542 Jam
488 513 589 542 vero
623 498 689 541 sac
720 505 860 541 tecum
893 496 1136 555 perpendas
1169 497 1207 540 h.
1241 497 1263 543 Ι.
1296 497 1425 542 multa
1458 499 1596 542 minus
1629 504 1724 557 apte
1756 513 1851 541 esse
1886 498 2087 550 instituta,
2124 498 2251 542 multa
2285 499 2649 557 negligentissime

151 583 245 612 esse
293 567 425 620 dic-ta,
466 569 504 609 in
546 566 683 608 multis
731 564 857 608 rebus
894 574 935 607 et
967 566 1006 608 h.
1041 566 1065 608 l.
1099 574 1139 609 et
1171 568 1261 609 aliis
1293 568 1417 610 huius
1450 567 1510 610 rh.
1560 582 1642 610 non
1692 567 1838 625 paucis
1871 567 1994 624 longe
2042 567 2166 610 aliam
2199 582 2338 610 rerum
2372 569 2648 627 mythicarum

151 638 396 689 scientiam,
432 651 557 695 quam
599 650 707 695 quae
740 636 979 678 homericae
1022 637 1171 679 aetatis
1203 634 1364 678 videtur
1404 638 1532 680 fuisse
1566 637 1754 679 inveniri.
1817 636 1922 679 Num
1965 633 2127 679 delebis
2158 636 2220 679 vel
2252 652 2316 680 vv.
2349 641 2522 685 28—30
2552 655 2649 685 cum

151 711 201 752 A.
227 708 384 763 Kochly
407 709 476 757 ”),
509 706 571 746 vel
605 709 777 749 23—30
808 720 904 747 cum
938 705 1252 755 Alexandrinis,
1283 706 1347 747 vel
1382 710 1546 750 18—31
1582 722 1678 748 cum
1710 706 1759 747 H.
1783 706 1993 748 Dtintzero
2027 707 2120 760 ”7⁶2
2154 707 2401 763 praesertim
2433 724 2563 766 quum
2598 711 2649 754 iis

148 775 341 819 versibus
375 775 518 817 eiectis
550 790 588 815 v.
621 777 676 818 35
708 774 774 814 vix
806 774 868 815 vel
903 775 1043 831 potius
1076 775 1182 817 nulla
1217 774 1376 816 ratione
1411 776 1544 832 possit
1577 774 1804 832 explicari?
1856 775 1960 817 Num
1994 773 2152 816 delebis
2183 790 2354 835 quoque
2386 780 2641 832 vv.59-63‚

148 844 303 905 quibus
337 842 376 885 id
408 841 524 902 quod
557 858 766 901 nusquam
810 841 906 884 alibi
950 846 1093 901 (atque
1127 852 1211 884 tam
1243 857 1370 900 saepe
1405 846 1581 900 poterat)
1615 850 1677 884 est
1720 851 1934 885 narratum
1967 842 2183 885 Thetidem
2227 843 2350 886 deam
2383 846 2589 888 marinam
2623 862 2647 890 a

147 915 313 957 Junone
346 927 442 955 esse
475 910 714 961 educatam,
737 927 760 953 a
790 910 955 954 Junone
988 911 1109 954 Peleo
1141 927 1235 954 esse
1266 909 1406 953 datam
1441 926 1638 961 uxorem,
1663 926 1812 955 omnes
1846 911 1950 955 deos
1983 909 2181 955 fatalibus
2213 911 2291 955 illis
2323 914 2479 971 nuptiis
2514 915 2645 959 inter-

148 983 306 1025 fuisse?
369 980 532 1023 delebis
563 995 732 1039 quoque
765 995 935 1032 versus,
969 979 1123 1040 quibus
1157 980 1311 1022 Niobes
1346 978 1486 1021 sabula
1520 980 1786 1023 continetur?
1822 983 1922 1036 (602
1945 984 2071 1040 sqq.),
2102 980 2225 1034 alios,
2256 980 2412 1039 quibus
2446 997 2513 1025 res
2547 999 2644 1027 nar-

149 1059 312 1101 rantur,
358 1065 467 1111 quae
500 1048 552 1091 ad
584 1047 781 1107 cyclicam
814 1055 855 1090 et
886 1056 1067 1091 aetatem
1109 1056 1149 1091 et
1181 1048 1394 1090 scientiam
1431 1047 1675 1091 referendae
1708 1065 1803 1092 esse
1834 1048 2081 1092 videantur?
2142 1049 2315 1092 Minoris
2357 1051 2411 1093 sit
2442 1051 2646 1096 audaciae

150 1136 315 1164 mecum
350 1128 533 1162 statuere
566 1135 617 1160 ex
651 1118 713 1160 his
746 1118 1040 1178 similibusque
1075 1120 1200 1161 rebus
1232 1134 1324 1160 esse
1358 1117 1639 1174 colligendum
1673 1118 1924 1175 cyclicorum
1957 1117 2129 1161 demum
2172 1118 2455 1177 temporibus,
2494 1120 2648 1181 quibus

147 1190 470 1234 celeberrimum
505 1187 603 1231 illud
638 1186 798 1231 Paridis
826 1187 1034 1245 judicium
1069 1196 1108 1230 et
1142 1188 1300 1231 narrari
1335 1194 1374 1230 et
1407 1186 1522 1229 credi
1556 1195 1751 1246 coeptum
1785 1196 1871 1236 est,
1915 1187 2021 1230 hanc
2052 1203 2221 1248 quoque
2253 1187 2520 1245 rhapsodiam
2554 1206 2648 1235 esse

146 1270 300 1309 ortam,
319 1275 447 1319 quam
471 1258 765 1301 audacissimis
788 1258 864 1300 illis
888 1258 1113 1300 multorum
1138 1274 1335 1300 versuum
1363 1257 1623 1299 athetesibus
1646 1274 1737 1300 eam
1763 1273 1948 1315 purgare
1971 1266 2096 1315 atque
2126 1258 2165 1299 in
2190 1258 2397 1315 integrum
2429 1261 2647 1305 restituere

146 1330 290 1373 conari
332 1327 635 1387 nequidquam.
703 1326 812 1378 Quid
855 1326 1063 1370 audacius
1095 1343 1221 1385 quam
1255 1326 1465 1368 affirmare
1505 1327 1679 1368 carmini
1720 1324 1825 1369 bene
1869 1326 1977 1369 sacto
2024 1325 2078 1369 ab
2112 1326 2323 1385 rhapsodo
2367 1328 2524 1388 aliquo,
2571 1330 2645 1373 ho-

147 1399 256 1441 mine
291 1396 418 1440 credo
452 1397 715 1454 ineptissimo
750 1403 874 1455 atque
908 1397 1176 1444 stultissimo,
1210 1394 1413 1437 eiusmodi
1449 1411 1514 1436 res
1547 1411 1640 1436 esse
1675 1394 1930 1437 inculcatas?

358 1479 448 1519 Huc
482 1476 665 1526 accedit,
697 1476 812 1535 quod
848 1477 973 1518 etiam
1010 1474 1063 1517 ab
1096 1476 1300 1517 sermonis
1335 1474 1534 1516 homerici
1570 1474 1872 1517 consuetudine
1904 1474 2113 1535 quaedam
2147 1476 2187 1517 h.
2211 1475 2235 1518 l.
2269 1474 2461 1519 videntur
2492 1476 2643 1521 abhor-

147 1564 240 1591 rere
274 1556 317 1589 ut
357 1563 394 1588 v.
429 1551 482 1590 ‘22
535 1549 626 1601 (234)
662 1543 847 1601 (Ἕκτορα
880 1546 970 1586 δῖον
1011 1545 1177 1592 ἀεικίζει
1203 1544 1450 1598 μενεαίνων.
1515 1544 1617 1585 Nam
1660 1544 1922 1601 participium
1970 1545 2207 1599 μενεαίνων
2254 1544 2367 1602 apud
2416 1546 2648 1589 Homerum

146 1616 415 1673 coniungitur
469 1630 565 1658 cum
615 1614 816 1656 infinitivo
857 1614 967 1655 velut
1018 1613 1350 1667 κιιτιικτιίιιεναι.
1404 1612 1681 1661 ἐπισπέσθαι,
1736 1611 2004 1667 ὃαιζέμεναι,
2059 1611 2344 1669 ἐρύσσεσθαι,
2394 1614 2646 1671 ὀρέξασθαι,

147 1686 277 1728 πιέειν
304 1684 556 1741 μενεαίνων.
621 1682 712 1725 Uno
746 1683 837 1724 loco
878 1682 910 1723 'l'
935 1686 1034 1727 3157,
1072 1697 1139 1723 res
1171 1681 1283 1723 aliter
1315 1696 1409 1722 sese
1451 1679 1614 1722 videtur
1654 1678 1819 1723 habere.
1878 1681 2041 1738 Τρωσὶν
2067 1681 2304 1738 μενεαίνων
2338 1681 2491 1725 δύσετο
2524 1683 2648 1741 δῶρα

146 1754 275 1807 θεοῦ,
308 1752 384 1797 sed
417 1754 452 1796 is
485 1753 626 1803 loeus,
652 1759 949 1812 praeterquam
982 1750 1095 1811 quod
1129 1768 1223 1793 cum
1257 1750 1334 1793 hoc
1369 1749 1459 1792 aliis
1492 1748 1543 1791 de
1576 1749 1716 1792 causis
1748 1750 1929 1792 conferri
1963 1766 2047 1793 non
2081 1750 2256 1809 poterit,
2282 1751 2364 1793 iam
2398 1749 2450 1794 ab
2473 1750 2646 1796 Alexan-

146 1822 279 1866 drinis
312 1821 491 1865 deletur.
556 1820 656 1864 Aliis
699 1827 837 1862 autem
873 1820 975 1862 loeis
1008 1819 1175 1862 duobus
1209 1819 1312 1861 adeo
1347 1834 1430 1861 non
1464 1817 1725 1876 improbatur
1756 1818 1873 1878 quod
1906 1817 2018 1871 dixi,
2051 1825 2095 1861 ut
2126 1821 2411 1862 confirmetur.
2476 1821 2581 1864 Nam
2618 1823 2649 1864 0

145 1896 228 1937 617
261 1889 342 1933 ἀλλ’
376 1889 466 1932 οὐδ’
499 1890 561 1936 ὥς
592 1889 750 1931 δύνατο
779 1890 908 1947 ῥῆξαι
936 1890 1136 1946 μάλαπερ
1164 1889 1421 1944 μενεαίνων,
1467 1888 1644 1947 quisque
1678 1887 1795 1930 facile
1828 1887 2039 1946 supplebit
2066 1889 2196 1947 ῥῆξαι
2227 1887 2422 1949 idemque
2461 1889 2574 1933 cadit
2605 1891 2646 1934 in

145 1976 167 2002 ε
199 1963 281 2004 341
316 1960 365 2000 οὐ
393 1959 473 2014 μὲν
507 1958 558 2015 δή
593 1973 642 1999 σε
675 1957 929 2013 καταφθίσει
955 1958 1071 2012 μα’λα
1106 1972 1184 2013 περ
1212 1957 1462 2012 μενεαίνων.
1531 1956 1763 1998 Duntzerus
1794 1956 2022 1999 offenditur
2052 1956 2193 1999 verbis
2225 1957 2480 2011 γλαυκώπιδι
2511 1959 2645 2017 κούρῃ

146 2030 203 2086 (v.
248 2029 322 2085 126)
372 2034 411 2069 et
453 2028 557 2072 λαὸς
603 2028 659 2083 (v.
706 2027 780 2082 25)
823 2026 889 2068 cui
932 2025 1026 2067 alibi
1075 2033 1211 2082 genet.
1273 2026 1481 2083 Πρίαμοιο
1532 2025 1751 2082 adjunctus
1803 2041 1898 2069 esse
1950 2025 2094 2068 soleat.
2158 2025 2478 2069 Obversabatur
2525 2028 2648 2071 huius

145 2103 295 2156 poetae
329 2097 469 2138 animo
503 2096 565 2138 vel
595 2096 742 2150 ,3433
775 2094 821 2136 ἐκ
854 2095 1021 2136 πάντων
1056 2095 1104 2136 δὲ
1131 2095 1311 2149 μάλιστα
1330 2095 1428 2140 Διὸς
1458 2095 1518 2147 γλ.
1551 2110 1602 2137 κ..
1634 2094 1696 2136 vel
1729 2111 1764 2136 ω
1794 2097 1879 2140 518
1911 2095 2146 2151 εὐξάμενος
2175 2094 2307 2153 κούρῃ
2340 2095 2399 2149 γλ.
2433 2095 2537 2154 ἢΔὶι
2571 2111 2643 2138 πα-

146 2167 231 2221 τρί,
264 2164 418 2223 quibus
451 2165 553 2208 locis
588 2181 654 2207 res
687 2165 813 2222 paulo
847 2181 971 2207 secus
1004 2171 1086 2213 est,
1119 2181 1152 2207 v.
1187 2168 1239 2209 72&
1271 2180 1322 2206 ex
1356 2162 1524 2206 duobus
1557 2163 1645 2205 aliis
1677 2170 1740 2206 est
1772 2165 2045 2221 compositus.

355 2246 529 2288 Versum
562 2250 614 2290 31
650 2243 734 2286 ἀλλ’
768 2246 838 2287 ὅτε
872 2244 924 2303 δή
953 2242 993 2303 ῥ’
1029 2244 1075 2286 ἐκ
1098 2248 1183 2286 τοῖο
1216 2243 1465 2303 δυωδεκάτη
1499 2242 1628 2299 γένετ’
1661 2244 1753 2303 ἠώς-
1784 2243 1913 2302 (idem
1934 2262 1971 2288 ν.
1994 2246 2148 2303 A493)
2184 2245 2221 2287 h.
2246 2245 2271 2288 l.
2297 2261 2378 2288 non
2412 2246 2516 2288 satis
2551 2255 2647 2306 apte

148 2333 241 2358 esse
277 2317 458 2374 positum
500 2316 734 2357 rectissime
768 2314 985 2357 contendit
1017 2314 1323 2356 Lachmannus.
1388 2313 1550 2356 Etenim
1583 2313 1871 2357 difficillimum
1904 2322 1967 2357 est
1998 2314 2234 2374 explicare,
2276 2332 2298 2357 a
2332 2331 2517 2375 quonam
2550 2323 2642 2358 tan·

147 2384 243 2428 dem
277 2392 463 2443 tempore
498 2384 581 2428 h.l.
616 2391 737 2442 poeta
771 2383 863 2427 dies
895 2391 1132 2442 computet,
1174 2384 1419 2441 praesertim
1453 2400 1606 2443 quum,
1641 2382 1680 2426 id
1713 2382 1827 2443 quod
1861 2401 1989 2442 supra
2021 2383 2418 2437 demonstravimus,
2452 2385 2646 2429 versibus

153 2459 202 2498 12
236 2461 276 2496 et
309 2470 402 2514 sqq.
440 2454 606 2509 longius
639 2453 857 2510 quoddam
890 2454 1094 2511 temporis
1127 2454 1306 2511 spatium
1341 2453 1422 2494 iam
1457 2453 1725 2511 praeteriisse
1758 2453 2029 2510 significetur.
2108 2454 2167 2495 Ex
2199 2469 2321 2496 versu
2356 2453 2525 2496 demum
2565 2459 2644 2499 107

148 2530 187 2564 et
220 2540 270 2565 ex
306 2538 341 2564 v.
377 2527 461 2567 413
494 2523 588 2565 licet
619 2523 826 2564 coniicere
860 2523 898 2564 h.
933 2538 1103 2582 quoque
1138 2522 1157 2563 l.
1195 2521 1282 2564 dies
1316 2521 1369 2563 ab
1402 2537 1452 2563 eo
1485 2520 1575 2569 die,
1609 2538 1692 2581 quo
1728 2523 1881 2565 Hector
1913 2531 1976 2564 est
2009 2529 2207 2574 necatus,
2243 2523 2542 2566 numerandos.

355 2609 424 2646 41.
488 2604 547 2644 De
581 2602 799 2654 similibus,
824 2619 931 2659 quae
966 2605 1004 2643 in
1041 2604 1116 2643 hac
1151 2603 1210 2642 rh.
1238 2610 1346 2647 sunt,
1381 2601 1618 2659 prudenter,
1650 2612 1692 2643 ut
1726 2603 1843 2648 solet,
1879 2612 1918 2644 et
1952 2605 2053 2644 scite
2088 2603 2284 2644 iudicavit
2314 2603 2362 2644 G.
2387 2603 2642 2659 Bernhardy,

145 2670 208 2713 vir
240 2669 515 2714 doctissimus
548 2671 607 2726 ἢ).

284 2811 467 2856 Folgende
496 2811 624 2845 daraus
651 2822 693 2844 zu
721 2809 936 2845 entwickeln
964 2809 1154 2852 ersrlieint,
1181 2820 1219 2842 so
1247 2810 1286 2843 ist
1311 2810 1360 2843 sie
1388 2808 1442 2843 bei
1467 2808 1593 2844 Homer
1619 2808 1669 2843 als
1696 2808 1895 2843 allbekannt
1923 2816 2234 2852 vorauszusetzem
2264 2810 2371 2845 selbst
2399 2820 2500 2845 wenn
2536 2811 2584 2844 sie
2611 2812 2644 2844 in

278 2871 380 2915 jener
407 2869 512 2904 Stelle
540 2869 846 2914 untergeschoben
875 2868 965 2903 oder
991 2865 1168 2902 vielmehr
1195 2867 1260 2901 (ler-
1283 2875 1407 2915 ganze
1422 2866 1569 2912 Gesang
1593 2868 1721 2913 spz'iter
1746 2867 1805 2902 als
1817 2865 1948 2903 Homer
1974 2877 2062 2904 war.
2102 2869 2175 2902 Wir
2196 2868 2305 2903 seben
2330 2868 2402 2903 hier
2424 2868 2530 2914 grade
2546 2868 2645 2903 recht

284 2929 455 2969 deutlich,
492 2930 561 2961 wie
589 2930 644 2961 die
679 2929 811 2960 homer.
841 2928 1015 2969 Dichtung
1046 2927 1146 2959 einen
1179 2926 1274 2959 ihren
1311 2926 1445 2958 llorern
1482 2925 1664 2969 allgemein
1691 2928 1982 2971 gegenwartigen
2009 2927 2241 2971 Hintergrund
2277 2927 2346 2960 und
2382 2927 2430 2960 als
2461 2928 2556 2961 Theil
2590 2929 2645 2961 ein

286 2988 420 3020 Ganzes
448 2987 510 3019 der
537 2988 628 3029 Sage
657 2992 885 3018 voraussetzt.

193 3041 227 3085 *)
287 3042 363 3077 Hes.
391 3042 528 3086 Fragm.
556 3042 595 3076 41
627 3042 717 3076 Gottl
746 3041 861 3076 εἵνεκα
884 3041 1114 3087 μαχλοσύνης
1136 3045 1312 3088 στυγερῆς
1334 3041 1432 3086 τέρεν
1460 3040 1592 3076 ὤλεσεν
1619 3040 1740 3081 ἄνθος.

176 3098 230 3144 **]
287 3110 320 3144 p.
350 3100 402 3134 11.

160 3156 235 3200 ***)
293 3169 325 3201 p.
353 3159 432 3193 383.

192 3215 232 3257 †)
287 3212 315 3248 11
341 3227 358 3248 a
385 3227 417 3259 p.
445 3217 499 3251 43.
550 3217 614 3249 Am
643 3215 783 3249 Schluss
809 3216 872 3248 der
897 3214 976 3248 Ilias
1004 3215 1134 3248 weicht
1160 3225 1262 3257 sogar
1288 3215 1349 3248 das
1377 3214 1570 3248 Gleichniss
1599 3225 1662 3246 vor
1689 3214 1768 3247 dem
1796 3214 1983 3247 bildlichen
2011 3214 2192 3247 Ausdruck
2221 3213 2273 3259 (Ω
2296 3215 2442 3259 41,80),
2479 3215 2640 3259 dagegen

286 3273 328 3307 ist
354 3273 407 3308 ein
436 3274 589 3318 einziges
617 3272 769 3317 Beispiel
796 3283 828 3308 v.
854 3272 923 3309 480
950 3271 1059 3317 vollig
1085 3272 1250 3317 geistiger
1274 3272 1392 3308 Natur.
