2860 3631
1230 127 1285 135 -.
1378 100 1430 144 15
1516 126 1572 133 .-

1567 152 1590 182 ο

144 240 225 288 ,tra
247 230 423 287 b.„v„‚jn
442 227 522 285 Qd.
553 227 707 280 habese
739 244 769 273 π
795 232 853 277 64
881 229 1121 275 ἐπέκλωσεν
1152 228 1258 274 τάδε
1285 227 1478 286 δαψων,
1516 225 1761 271 ἐπέκλωσαν
1790 226 1855 271 vel
1887 225 2176 270 ἐπεκλώσαντο
2205 225 2302 272 θεοί
2328 243 2357 270 α
2378 229 2447 280 17,
2479 241 2506 282 r
2533 228 2632 278 208,

142 300 194 357 ,ὃ
220 302 323 356 579,
351 298 375 344 λ
398 301 503 353 139,
534 315 560 343 υ
582 301 684 354 196,
712 313 840 359 porro
870 298 899 343 ὃ
926 302 1034 353 208,
1062 295 1150 358 ᾧτε
1167 298 1360 359 Κρονίων
1389 297 1404 357 u
1431 296 1558 355 ὄλβον
1589 295 1797 355 ἐπικλώσῃ
1827 295 2029 353 γαμέοντί
2056 311 2100 340 τε
2129 297 2360 356 γεινομένῳ
2391 313 2449 341 τε.
2508 296 2561 341 At
2589 295 2631 340 in

144 368 288 425 „ltind-
316 367 419 430 quid
449 367 614 415 simile?
672 369 738 416 Cr,
768 383 877 429 quae
906 367 960 414 do
989 384 1028 414 v.
1058 371 1116 415 49
1145 366 1369 428 disputavi.

369 464 609 508 220—222.
668 462 718 506 cl'.
751 476 860 521 quae
890 460 944 506 ad
972 477 1012 506 v.
1048 464 1145 508 173.
1177 476 1270 522 sqq.
1301 458 1498 504 diximus.
1530 463 1617 506 224
1646 460 1725 520 οὐχ
1757 460 1872 504 ἅλιον
1903 459 2009 508 ἔπος
2037 459 2206 504 ἔσσεται
2242 460 2345 506 haec
2373 459 2501 507 verba
2531 461 2571 505 h.
2603 460 2629 503 Ι.

146 533 252 577 siue
283 528 411 575 dubio
442 532 580 576 minus
600 537 697 591 apta
716 546 844 591 quam
866 545 994 590 supra
1015 531 1111 590 (92)
1133 544 1218 590 quo
1249 528 1343 574 loco
1363 528 1503 573 Thetis
1532 544 1580 573 se
1609 528 1723 574 Jovis
1754 529 1867 574 dicto
1897 545 1992 575 esse
2023 529 2405 591 obtemperaturum
2437 530 2629 576 affirmat.

375 628 460 671 238
490 640 584 686 sqq.
652 623 749 668 Mihi
799 639 884 677 non
933 623 1100 667 silentio
1152 620 1499 681 praetereundum
1557 637 1652 666 esse
1696 621 1858 667 videtur
1900 623 1940 666 in
1986 622 2025 667 h.
2069 623 2130 667 rh.
2178 623 2290 668 nulla
2339 623 2445 667 iusta
2491 622 2629 669 oblata

121 750 129 759 ί
164 709 292 739 causa
321 692 515 738 homines
546 692 734 754 deosque
767 691 906 738 induci
947 693 1055 737 inter
1092 708 1138 736 se
1177 691 1363 736 rixantes
1392 698 1434 735 et
1463 691 1728 751 increpantes
1771 698 1811 735 et
1855 690 2135 752 obiurgantes.
2201 692 2335 738 Veluti
2375 694 2455 738 iam
2487 711 2629 756 supra,

163 771 209 806 ut
238 779 275 807 v.
306 766 363 808 33
392 763 656 814 omittamus,
689 764 798 806 Juno
832 762 1037 805 invehitur
1067 762 1108 804 in
1138 760 1370 820 Apollinem
1400 761 1537 805 verbis
1567 764 1707 803 κακῶν
1737 760 1854 818 ἕταρ’
1883 762 1972 804 αἰὲν
2004 761 2171 816 ἄπιστε,
2202 762 2272 807 ubi
2303 779 2387 823 qua
2418 765 2625 825 reApollo

162 831 288 876 fidem
337 830 574 884 violaverit,
626 829 790 875 difficile
843 830 1037 889 forsitan·
1063 830 1119 874 sit
1170 828 1223 873 ad
1268 828 1594 873 diiudicandum.
1669 829 1763 873 Jam
1813 845 1911 873 vero
1962 831 2172 883 Priamus,
2222 832 2293 893 qui
2344 833 2449 878 alias
2498 850 2627 880 senex

159 915 254 944 esse
299 898 461 944 videtur
507 900 750 944 mitissimus
788 906 912 959 atque
948 899 1192 952 facillimus,
1242 898 1493 958 turpissimis
1530 898 1728 942 conviciis
1778 897 1998 953 Troianos,
2041 900 2111 961 qui
2151 898 2205 944 de
2244 900 2433 946 Hectoris
2472 904 2628 949 scilicet

156 976 291 1014 morte
321 976 544 1029 querentes
574 976 615 1012 et
647 970 941 1021 lamentantes,
974 976 1019 1012 ut
1049 968 1164 1022 suis,
1194 968 1361 1028 opinor,
1392 967 1573 1011 lacrimis
1604 973 1728 1026 atque
1759 966 1974 1012 doloribus
2005 969 2141 1028 patris
2174 985 2411 1015 moerorem
2443 972 2626 1018 acerbis-

151 1038 303 1082 simum
333 1038 527 1091 lenirent,
558 1039 598 1081 in
630 1038 789 1097 regiam
821 1043 1131 1091 convenerant,
1162 1034 1306 1080 ἔπεσσ’
1335 1036 1566 1095 αἰσχροῖσιν
1597 1035 1775 1078 ἐνίσσων
1807 1034 1986 1096 depellit.
2029 1040 2149 1092 Quos
2180 1037 2251 1082 ubi
2283 1039 2392 1084 suste
2423 1056 2475 1084 ex
2506 1050 2624 1101 porta

153 1108 289 1161 eiecit,
321 1107 447 1162 filios,
475 1123 584 1170 quos
615 1124 780 1152 currum
813 1123 963 1168 parare
994 1107 1174 1151 iusserat
1204 1107 1360 1167 quique
1392 1107 1509 1164 operi
1539 1114 1658 1150 erant
1693 1106 1861 1160 intenti,
1900 1106 2092 1152 inanibus
2126 1123 2300 1168 prorsus
2342 1118 2468 1171 atque
2510 1111 2628 1156 sutili-

157 1177 239 1222 bus
269 1176 628 1222 criminationibus
658 1186 816 1222 onerat.
878 1178 996 1231 Quae
1027 1193 1095 1221 res
1125 1182 1289 1221 veteres
1321 1191 1404 1221 non
1435 1175 1541 1235 fugit
1570 1175 1623 1220 cf.
1665 1173 1760 1221 Sch.
1791 1175 1823 1220 B
1855 1175 1893 1220 M
1924 1176 1975 1221 ad
2008 1194 2044 1222 v.
2088 1181 2172 1225 247
2204 1181 2276 1223 νῦν
2306 1179 2357 1223 δὲ
2388 1181 2435 1224 τὸ
2467 1181 2629 1234 πένθος

158 1246 358 1290 δύσκολον
389 1247 517 1290 αὐτὸν
548 1246 742 1308 ἐποίησεν
780 1247 1038 1308 ἀπειρηκότα
1077 1248 1150 1289 τοῦ
1187 1245 1262 1305 ζῆν
1299 1252 1340 1289 et
1380 1245 1432 1289 ad
1470 1262 1505 1289 v.
1540 1248 1645 1291 249:
1694 1244 1845 1288 οἷκεῒον
1878 1246 1958 1303 μὲν
1990 1249 2051 1306 τῷ
2082 1246 2208 1290 πάθει
2247 1250 2294 1291 τὸ
2332 1249 2623 1311 δυσχεραίνειν

160 1317 271 1375 πρὸς·
300 1317 472 1364 πάντας.
532 1316 630 1360 Mihi
661 1317 740 1360 hoc
770 1332 852 1360 non
890 1323 976 1360 tam
1014 1332 1067 1359 ex
1099 1315 1286 1359 moribus
1316 1314 1465 1357 Priami
1508 1330 1635 1375 quam
1678 1330 1730 1357 ex
1769 1315 1890 1359 huius
1930 1324 2078 1376 poetae
2123 1318 2290 1376 ingenio
2329 1320 2494 1364 videtur
2531 1339 2627 1367 esse

159 1385 455 1447 repetendum,
501 1386 572 1445 qui
610 1385 811 1431 eiusmodi
851 1384 978 1430 rebus
1023 1383 1277 1429 audientium
1328 1384 1490 1428 animos
1527 1399 1624 1428 cum
1663 1384 1874 1443 voluptate
1913 1384 2096 1446 quadam
2138 1390 2396 1433 commoveri
2437 1391 2624 1450 putabat.

162 1455 429 1513 Quamquam
461 1454 514 1496 de
545 1454 749 1497 eiusmodi
780 1453 906 1498 rebus
937 1455 978 1497 in
1010 1454 1190 1497 maxime
1215 1453 1448 1497 contrarias
1478 1459 1618 1511 partes
1651 1468 1777 1510 posse
1808 1453 1983 1498 iudicari
2015 1464 2057 1499 et
2088 1472 2216 1514 supra
2247 1458 2439 1502 contendi
2470 1469 2510 1503 et
2542 1462 2624 1504 iam

161 1523 469 1581 opportunitate
499 1521 637 1567 oblata
667 1521 981 1567 demonstrabo.
1044 1522 1149 1566 Nam
1180 1519 1361 1565 eundem
1396 1521 1434 1565 h.
1467 1521 1630 1575 locum,
1662 1521 1735 1581 qui
1766 1520 1865 1565 mihi
1897 1522 2035 1567 minus
2068 1524 2226 1583 placet,
2258 1526 2307 1569 H.
2327 1526 2557 1572 Dfintzerus
2588 1536 2628 1572 et

148 1596 205 1636 Ἀ.
239 1591 396 1650 Kochly
425 1592 601 1636 summis
630 1590 820 1637 laudibus
850 1599 1063 1636 ornarunt.
1116 1591 1250 1650 Atque
1281 1589 1344 1634 ille
1369 1590 1404 1648 “)
1435 1591 1606 1649 quidem
1637 1605 1801 1634 summo
1833 1590 2005 1635 artificio
2040 1591 2077 1634 h.
2113 1593 2138 1635 Ι.
2172 1600 2361 1637 naturam
2395 1596 2626 1654 ingenium·

159 1676 241 1721 que
272 1659 497 1704 humanum
535 1660 716 1704 effictum
747 1660 946 1712 affirmat,
987 1660 1053 1703 hic
1082 1662 1132 1716 ”)
1172 1673 1272 1702 vero
1312 1674 1407 1702 vere
1449 1659 1607 1717 regiam
1649 1658 1833 1703 indolem
1866 1660 2090 1721 regiosque
2124 1677 2263 1706 mores
2294 1665 2628 1721 praeclarissime

159 1743 253 1773 esse
284 1727 475 1789 depictos
506 1728 585 1773 sibi
616 1730 835 1788 persuasit.
895 1728 1085 1773 Profecto
1118 1728 1238 1772 facile
1268 1734 1379 1771 esset
1409 1728 1522 1786 regis
1554 1730 1685 1787 partis
1716 1732 1863 1787 agere!

365 1825 449 1869 249
480 1820 618 1867 Schol.
655 1822 696 1866 Β.
728 1821 783 1865 Μ.
821 1820 1062 1881 λεληθότως
1091 1817 1348 1881 ὃὲὍμηρος
1374 1820 1603 1876 κατάλογον
1636 1823 1808 1864 ποιεῖται
1845 1824 1929 1865 τῶν
1960 1821 2020 1865 ἔτι
2052 1825 2113 1882 τῷ
2142 1823 2326 1883 Πριάμῳ
2358 1825 2626 1885 ὑπολειφθέν-

162 1908 246 1936 των
277 1893 452 1936 παίδων.
491 1893 648 1936 Novem
679 1893 789 1936 enim
821 1892 859 1935 h.
884 1892 908 1935 Ι.
942 1892 1207 1935 nominantur
1229 1890 1380 1934 Priami
1413 1890 1506 1942 filii,
1539 1890 1611 1949 qui
1642 1890 1682 1934 in
1713 1906 1835 1935 curru
1868 1891 2077 1950 iungendo
2110 1894 2221 1949 (nam
2246 1895 2419 1952 plaustri
2443 1894 2627 1940 nondum

163 1963 317 2007 mentio
348 1969 410 2007 est
441 1961 567 2020 sacta)
599 1961 792 2021 occupati
824 1962 950 2006 fuisse
982 1958 1248 2005 existimandi
1279 1965 1375 2004 sunt
1406 1974 1569 2003 omnes.
1619 1958 1746 2004 Miror
1775 1960 2099 2015 Alexandrinos,
2130 1963 2200 2021 qui
2233 1964 2335 2006 satis
2368 1962 2473 2008 bene
2504 1981 2628 2026 quem

154 2030 385 2075 ἹΙσιόδειον
416 2030 622 2075 vocabant
644 2035 903 2090 χαρακτῆρα
933 2029 1184 2091 quibusdam
1214 2029 1316 2073 locis
1347 2035 1625 2086 agnoverant,
1669 2028 1847 2072 eundem
1879 2046 1960 2074 non
2002 2032 2040 2073 h.
2074 2047 2242 2092 quoque
2276 2034 2367 2076 loco
2400 2033 2629 2092 deprehen-

163 2100 288 2145 disse.
350 2099 449 2144 Sine
480 2100 587 2144 iusta
617 2115 745 2144 causa
776 2100 945 2144 nomina
982 2105 1142 2143 tantum
1180 2113 1329 2142 novem
1362 2097 1591 2141 afferuntur
1628 2097 1828 2149 filiorum,
1859 2100 1965 2142 inter
1988 2115 2096 2159 quos
2128 2109 2245 2152 sunt,
2288 2100 2339 2144 de
2371 2093 2523 2162 quibus
2554 2119 2628 2161 per

161 2176 291 2214 totam
322 2168 491 2213 iliadem
524 2169 621 2212 nihil
650 2176 712 2213 est
744 2176 978 2220 narratum,
1010 2167 1108 2211 nihil
1140 2168 1267 2226 igitur
1297 2166 1348 2209 de
1371 2167 1419 2210 iis
1450 2166 1648 2220 refertur,
1679 2168 1755 2210 nisi
1788 2168 1900 2228 quod
1923 2168 1958 2212 h.
1981 2169 2005 2212 Ι.
2031 2185 2201 2213 currum
2235 2178 2396 2229 parant.
2443 2172 2545 2215 Nam
2576 2171 2629 2216 de

162 2239 404 2297 Agathone.
436 2240 685 2289 Pammone‚
717 2237 970 2297 Antiphone,
1004 2236 1268 2296 Hippoth00‚
1312 2236 1388 2279 Dio
1421 2235 1516 2278 nihil
1553 2235 1666 2294 apud
1700 2237 1951 2290 Homerum,
1985 2246 2213 2298 nosterque
2244 2254 2294 2282 ea
2325 2239 2627 2283 Priamidarum

162 2309 354 2361 nomina,
401 2314 470 2352 aut
507 2308 596 2367 ipse
635 2307 806 2351 finxisse
843 2313 913 2350 aut
959 2322 1010 2350 ex
1047 2306 1189 2366 aliquo
1229 2303 1382 2363 cyclico
1420 2311 1543 2364 poeta
1580 2308 1812 2364 sumpsisse
1851 2306 2061 2366 putandus
2100 2316 2177 2350 est.
2250 2307 2407 2352 Mestor
2450 2325 2548 2353 vero
2586 2317 2628 2352 et

163 2378 345 2430 Troilus,
384 2378 455 2437 qui
494 2378 599 2421 infra
638 2382 1018 2421 commemorantur
1050 2377 1184 2432 (257),
1236 2389 1343 2434 quos
1376 2374 1456 2417 iam
1487 2380 1583 2419 ante
1615 2375 1805 2419 Hectoris
1837 2391 1981 2420 necem
2015 2383 2191 2420 mortem
2223 2376 2474 2422 occubuisse
2505 2395 2555 2422 ex
2586 2379 2625 2421 h.

160 2454 322 2493 tantum
352 2446 491 2490 Iliadis
536 2446 628 2490 loco
659 2445 981 2504 cognoscimus,
1030 2460 1167 2487 nonne
1199 2445 1295 2486 item
1328 2442 1381 2486 ad
1413 2443 1591 2500 cyclicos
1622 2459 1853 2504 eorumque
1886 2445 2095 2499 earmina,
2140 2445 2294 2505 quibus
2326 2447 2449 2490 Troili
2483 2446 2624 2491 laudes

161 2516 446 2575 maximopere
477 2512 709 2559 celebratas
740 2513 868 2558 fuisse
899 2519 1085 2563 constat,
1117 2509 1361 2557 referendos
1390 2525 1485 2556 esse
1517 2516 1778 2557 statuemus?

209 2680 244 2723 ⁸)
299 2690 333 2724 p.
358 2679 435 2713 896.
485 2679 583 2713 Auch
608 2680 703 2713 seine
729 2678 847 2713 Sohne
872 2683 1010 2712 mussen
1035 2688 1106 2711 von
1132 2677 1263 2712 diesem
1290 2677 1465 2712 Unwillen
1490 2677 1628 2721 leiden,
1661 2678 1752 2712 deun
1778 2678 1839 2712 der
1864 2677 2028 2712 Schmerz
2053 2677 2162 2724 pflegt
2185 2678 2377 2724 ungerecht
2401 2691 2442 2713 zu
2467 2680 2622 2715 macheu.

301 2755 343 2761 —
370 2734 470 2771 Diese
494 2736 707 2781 ungerechte
732 2735 920 2780 Heftigkeit
943 2735 1076 2768 scheint
1100 2745 1164 2768 uns
1190 2734 1254 2769 der
1278 2734 1421 2769 Dichter
1445 2735 1506 2769 auf
1525 2735 1695 2770 treffliche
1710 2735 1825 2770 Weise
1851 2735 2052 2780 dargestellt
2075 2747 2117 2769 zu
2143 2736 2269 2771 haben.
2306 2736 2375 2770 Das
2407 2736 2529 2771 Gemhl
2553 2739 2623 2771 sei-

302 2805 362 2829 nes
386 2794 489 2829 tiesen
518 2793 704 2839 Unglucks‚
729 2794 761 2827 in
788 2792 958 2828 welchem
983 2803 1021 2826 er
1046 2791 1347 2838 selbstquttlerisch
1373 2792 1476 2835 alles,
1517 2803 1594 2827 was
1625 2793 1696 2827 ihm
1720 2791 1904 2838 gehlieben
1931 2792 2215 2840 herabwttrdigt,
2252 2794 2294 2827 ist
2320 2793 2382 2829 der
2406 2793 2620 2838 Mitoelpunkt

297 2852 381 2886 aller
405 2853 519 2886 setner
542 2852 821 2896 Aeusserungen.

189 2933 245 2978 ⁸⁸)
303 2933 367 2967 Die
392 2933 687 2976 Vorbereitungen
714 2942 774 2964 zur
799 2931 945 2965 Abfahrt
968 2931 1083 2975 geben
1110 2932 1187 2965 dem
1213 2936 1424 2976 gestrengen
1450 2930 1540 2965 alten
1559 2932 1666 2966 Herrn
1692 2933 1787 2966 seine
1812 2942 1921 2975 ganze
1940 2932 2089 2975 Euergie
2116 2932 2255 2965 wieder.
2285 2931 2351 2965 Das
2377 2933 2419 2964 ist
2442 2932 2538 2965 nicht
2561 2933 2623 2965 der

297 2990 564 3033 weichmuthige
591 2989 686 3023 Greis
711 2999 772 3022 aus
797 2988 859 3022 der
882 2987 1136 3028 Mauerschau,
1164 2987 1319 3023 welcher
1343 2988 1397 3023 sur
1422 2988 1477 3022 die
1503 2988 1635 3023 achone
1661 2989 1831 3024 sunderin
1857 3000 1921 3022 nur
1945 2989 2284 3033 beschwichtigende
2310 2989 2432 3023 Worte
2458 2989 2519 3023 des
2544 2989 2624 3023 mil-

297 3049 364 3083 den
390 3048 526 3082 Trostes
559 3047 616 3081 hat
641 3046 710 3081 und
736 3046 812 3081 dem
837 3045 1060 3091 Zweikampt'
1080 3044 1140 3080 des
1164 3045 1393 3081 frevelhaften
1420 3045 1556 3080 Sohnes
1580 3046 1674 3081 nicht
1699 3047 1938 3081 zuzuschauen
1964 3053 2069 3091 wagt.
2119 3046 2198 3081 Hier
2234 3047 2274 3080 ist
2315 3046 2433 3090 „jeder
2457 3046 2532 3080 ΖοΙΙ
2566 3048 2622 3081 ein

296 3106 441 3152 Konig“‚
482 3115 548 3139 vor
572 3105 742 3139 welchem
768 3104 1003 3138 Unterthanen
1027 3105 1097 3138 wie
1122 3104 1242 3139 Sohne
1267 3104 1403 3145 beben,
1441 3104 1548 3137 selbst
1571 3115 1678 3139 wenn
1704 3105 1759 3138 die
1785 3105 1952 3138 barschen
1979 3106 2099 3138 Worte
2115 3131 2124 3145 ,
2164 3106 2197 3137 in
2223 3104 2359 3138 welche
2385 3106 2458 3139 sein
2484 3104 2622 3139 leiden-

295 3162 513 3199 schal'tlicher
538 3163 702 3197 Schmerz
728 3174 781 3195 um
808 3162 864 3196 die
888 3161 1082 3197 Verlornen
1114 3162 1186 3196 sich
1221 3162 1377 3204 austobt‚
1418 3161 1512 3195 nicht
1535 3173 1626 3207 ganz
1650 3162 1794 3207 gerecht
1818 3162 1910 3195 sind!
1959 3162 2037 3196 Wie
2073 3161 2133 3195 das
2158 3160 2247 3195 Volk
2274 3161 2380 3196 scheu
2405 3171 2468 3196 vor
2492 3164 2623 3197 seinem

295 3221 497 3256 drohenden
522 3221 627 3255 Stabe
652 3232 714 3254 aus
739 3220 903 3255 einander
926 3220 1046 3261 stiebt,
1084 3231 1123 3254 so
1158 3226 1274 3255 rusten
1300 3220 1355 3254 die
1389 3218 1463 3254 hart
1487 3219 1736 3263 gescholtenen
1763 3219 1880 3253 Sohne
1906 3221 1938 3253 in
1965 3225 2145 3253 stumrnem
2174 3219 2362 3253 Gehorsam
2388 3220 2526 3266 Wagen
2553 3220 2623 3253 und

297 3281 467 3326 Gespann.
