2860 3631
696 877 797 944 De
844 876 1050 945 XXIV
1094 876 1302 946 Iliadis
1350 876 1688 967 rhapsodia
1738 876 2108 946 dissertatio.

1282 1038 1378 1080 Pars
1410 1039 1521 1091 prior.

373 1440 549 1491 Carolus
581 1446 898 1498 Lachmannus,
949 1446 1013 1490 vir
1043 1446 1313 1490 doctissimus
1344 1447 1528 1506 artisque
1559 1446 1729 1491 criticae
1767 1446 2069 1506 peritissimus,
2121 1462 2247 1507 quum
2277 1447 2465 1491 carmina
2496 1436 2642 1492 nostra

164 1517 393 1564 vetustiora
417 1530 582 1560 summa
612 1514 815 1559 industria
838 1523 963 1576 atque
985 1514 1199 1573 diligentia
1221 1523 1506 1574 perscrutatus
1535 1515 1854 1574 antiquissimae
1886 1517 2028 1574 poesis
2060 1523 2252 1560 naturam
2284 1523 2326 1560 et
2356 1515 2644 1560 conditionem

164 1587 333 1649 penitus
364 1585 635 1645 perspexisse
665 1583 746 1629 sibi
775 1584 1008 1638 videretur,
1042 1599 1125 1644 qua
1156 1584 1214 1628 ibi
1244 1584 1310 1628 via
1340 1591 1381 1628 et
1411 1585 1567 1628 ratione
1598 1590 1690 1629 erat
1718 1599 1842 1636 usus,
1872 1584 2050 1629 eandem
2080 1586 2121 1629 in
2148 1585 2459 1629 homericorum
2489 1586 2642 1629 carmi-

166 1671 268 1702 num
299 1655 463 1714 origine
494 1652 735 1713 indaganda
766 1652 967 1697 adhibere
998 1668 1083 1697 non
1113 1653 1332 1697 dubitavit.
1391 1654 1670 1714 Posteaquam
1710 1655 1822 1697 enim
1853 1656 2050 1712 coguovit
2079 1656 2220 1698 omnia
2251 1656 2436 1698 omnium
2469 1657 2645 1715 populo·

167 1741 260 1771 rum
291 1725 481 1770 carmina
512 1723 803 1784 antiquissima
834 1722 979 1767 litteris
1019 1738 1103 1767 non
1135 1722 1370 1783 perscripta
1410 1738 1492 1766 non
1531 1724 1692 1767 maiora
1723 1723 1852 1768 fuisse
1891 1724 1946 1767 ab
1977 1725 2091 1769 initio
2122 1726 2244 1785 quasi
2274 1739 2455 1784 corpora
2486 1725 2562 1768 sed
2593 1740 2647 1769 ex

165 1793 400 1841 minoribus
432 1793 631 1855 paulatim
657 1793 921 1853 singulorum
953 1799 1093 1837 vatum
1124 1792 1379 1838 carminibus
1410 1809 1503 1837 esse
1534 1801 1628 1837 orta
1661 1799 1787 1854 atque
1818 1794 2022 1847 conflata,
2064 1794 2191 1837 multa
2224 1793 2278 1837 ab
2311 1795 2361 1837 iis
2391 1796 2464 1855 qui
2495 1803 2646 1854 postea

163 1867 331 1910 fuerunt
368 1865 505 1925 poetis
542 1879 637 1908 esse
676 1863 837 1908 adiecta
875 1870 1033 1907 mutata
1069 1871 1290 1923 corrupta,
1340 1862 1482 1907 lliadis
1525 1878 1695 1923 quoque
1734 1864 1922 1907 carmina
1962 1864 2145 1921 genuina
2184 1866 2251 1920 (ea
2291 1864 2478 1907 sedecim
2516 1864 2645 1909 fuisse

165 1936 326 1991 statuit)
358 1949 525 1977 summa
556 1934 713 1992 ingenii
744 1948 830 1993 qua
860 1932 1074 1992 praeditus
1104 1941 1196 1977 erat
1225 1933 1454 1990 sagacitate
1491 1939 1533 1976 et.
1569 1931 1796 1976 subtilitate
1833 1948 1982 1976 eruere
2021 1939 2147 1991 atque
2178 1934 2432 1991 investigare
2468 1940 2647 1977 conatus

164 2011 240 2049 est.
269 2007 304 2060 ⁴⁹)
366 2006 464 2057 Qua
502 2002 709 2047 sententia
739 2018 763 2046 a
793 2002 1063 2046 Lachmanno
1100 2002 1317 2062 proposita
1356 2001 1446 2046 fieri
1485 2017 1569 2047 non
1609 2007 1796 2061 poterat,
1831 2001 1934 2060 quin
1971 2001 2187 2046 hominum
2226 2000 2467 2056 doctorum,
2500 2002 2572 2062 qui
2603 2003 2647 2046 in

165 2071 374 2117 eiusmodi
404 2069 728 2132 quaestionibus
757 2071 990 2116 tractandis
1019 2069 1318 2126 versabantur,
1352 2071 1479 2115 animi
1509 2071 1762 2130 gravissime
1793 2078 2172 2115 commoverentur.
2234 2072 2373 2132 thue
2404 2069 2458 2114 ab
2489 2072 2646 2126 alteris,

115 2154 118 2158 ’
166 2141 322 2202 quibus
352 2140 452 2185 nibil
483 2140 762 2200 praeclarius,
800 2140 898 2185 nibil
935 2141 1214 2204 ingeniosius,
1252 2139 1352 2184 nihil
1390 2141 1529 2185 verius
1558 2140 1846 2199 excogitatum
1876 2154 1972 2185 esse
2003 2140 2244 2195 videbatur,
2290 2138 2563 2200 cupidissime
2594 2156 2647 2185 ea

164 2210 371 2256 sententia
402 2216 571 2269 arrepta
602 2215 644 2269 et
673 2208 847 2254 defensa
876 2215 963 2264 est,
996 2209 1052 2256 ita
1083 2208 1138 2254 ab
1169 2209 1326 2263 alteris,
1347 2209 1420 2271 qui
1449 2224 1494 2253 se
1524 2209 1580 2254 ab
1612 2208 1883 2269 opinionibus
1913 2210 2001 2253 suis
2032 2210 2145 2253 salsis
2175 2208 2360 2270 quidem,
2381 2216 2423 2252 at
2445 2225 2568 2271 quas,
2603 2215 2648 2253 ut

161 2280 249 2325 fere
278 2279 339 2334 fit,
372 2279 465 2340 ipsa
495 2279 699 2339 temporis
723 2278 992 2323 diuturnitate
1022 2277 1344 2332 adamaverant,
1363 2277 1512 2322 deduci
1543 2285 1670 2339 atque
1701 2279 1840 2338 abripi
1870 2280 2047 2322 moleste
2079 2279 2255 2331 ferrent,
2277 2279 2647 2322 vehementissime

161 2348 397 2409 improbata
426 2356 492 2393 est
522 2355 648 2409 atque
678 2350 941 2410 impugnata.
990 2349 1135 2409 Neque
1166 2350 1332 2393 mirum.
1379 2349 1481 2392 Nam
1504 2363 1634 2407 quum
1665 2347 1836 2392 difficile
1867 2349 1921 2392 sit
1951 2347 2003 2392 de
2034 2347 2222 2409 qualibet
2253 2364 2298 2392 re
2328 2347 2480 2392 multos
2510 2349 2645 2392 homi-

163 2435 239 2463 nes
270 2417 336 2462 ad·
354 2434 483 2462 unam
514 2417 794 2478 eandemque,
829 2419 1022 2479 quamvis
1052 2435 1151 2463 vera
1182 2419 1249 2472 sit,
1271 2419 1508 2478 opinionem
1530 2416 1778 2477 perducere,
1800 2425 1888 2462 tum
1917 2417 2156 2463 bominibus
2181 2417 2316 2463 doctis
2338 2433 2489 2462 novam
2511 2434 2644 2478 quan-

162 2489 261 2534 dam
284 2488 535 2534 sententiam
566 2486 747 2548 probare
768 2487 964 2534 omnibus
986 2489 1128 2535 nescio
1159 2504 1213 2533 an
1244 2489 1298 2534 sit
1326 2488 1505 2534 maxime
1535 2486 1713 2534 arduum
1734 2495 1866 2550 atque
1890 2486 2198 2540 difficillimum,
2230 2488 2479 2548 praesertim
2515 2503 2647 2548 quum

162 2557 213 2604 de
242 2556 452 2603 eiusmodi
496 2558 635 2616 agitur
664 2556 813 2613 rebus,
858 2574 966 2618 quae
998 2557 1207 2618 probabili
1237 2557 1407 2620 quidem
1445 2558 1827 2617 argumentatione,
1858 2573 1943 2604 non
1980 2559 2218 2604 necessaria
2256 2558 2646 2604 matbematicorum

161 2628 324 2672 ratione
356 2627 521 2688 possint
560 2626 768 2672 concludi.
829 2627 980 2673 Verum
1012 2627 1108 2673 licet
1137 2627 1431 2673 Lachmannus
1461 2640 1544 2671 non
1575 2627 1736 2683 omnia,
1776 2642 1885 2688 quae
1917 2628 2080 2683 statuit,
2110 2634 2228 2672 extra
2259 2642 2427 2672 omnem
2459 2630 2646 2689 posuerit

163 2695 490 2749 dubitationem,
510 2746 515 2752 ὁ
537 2696 633 2741 licet
664 2697 704 2740 in
736 2698 914 2757 singulis
944 2696 1200 2760 quibusdam
1230 2696 1358 2742 rebus
1397 2695 1507 2741 baud
1538 2710 1636 2740 raro
1668 2696 1869 2741 erraverit
1915 2697 1975 2754 (in
2007 2696 2216 2742 eiusmodi
2245 2698 2357 2741 enim
2388 2698 2644 2757 quaestioni-

162 2764 243 2810 bus
273 2781 417 2810 verum
450 2772 576 2825 atque
608 2773 769 2812 rectum
799 2765 1079 2827 comprobare
1109 2773 1234 2828 atque
1265 2765 1450 2812 stabilire
1481 2780 1565 2811 non
1595 2771 1661 2810 est
1691 2766 1817 2811 unius
1848 2766 2051 2822 hominis,
2072 2766 2304 2811 coniunctis
2335 2764 2503 2810 demum
2536 2764 2642 2809 mul-

162 2841 301 2878 torum
332 2834 491 2878 viribus
522 2841 648 2896 atque
679 2835 894 2881 laboribus
925 2836 1232 2895 explorabitur,
1253 2851 1384 2894 quum
1414 2837 1573 2893 primus
1603 2836 1668 2879 ille
1700 2836 1943 2880 certaminis
1975 2851 2227 2894 pugnaeque
2260 2834 2388 2878 ardor
2416 2834 2644 2892 deferbuit)

160 2908 301 2947 tamen
324 2901 376 2947 de
397 2909 486 2948 tota
507 2919 553 2947 re
575 2918 671 2948 eum
694 2910 808 2948 recte
830 2903 1039 2949 iudicasse
1061 2912 1243 2965 postque
1265 2904 1520 2949 Fridericum
1541 2905 1779 2964 Augustum
1800 2903 2021 2958 Wolflum,
2054 2904 2187 2947 virum
2213 2903 2459 2947 immortalis
2480 2918 2643 2948 memo·

161 2973 271 3024 riae,
302 2973 375 3036 qui
407 2974 568 3033 primus
597 2974 869 3036 quaestiones
900 2974 991 3018 illas
1020 2974 1281 3028 bomericas,
1310 2972 1464 3036 quibus
1492 2981 1556 3018 tot
1585 2990 1637 3018 ex
1667 2988 1718 3017 eo
1749 2980 1941 3033 tempore
1972 2972 2187 3018 bominum
2219 2971 2441 3017 doctorum
2475 2973 2646 3032 ingenia

161 3048 204 3085 et
234 3043 417 3088 exercita
446 3048 543 3087 sunt
573 3045 625 3087 et
644 3042 769 3087 bodie
801 3050 1071 3098 exercentur,
1103 3044 1326 3104 proposuit
1356 3050 1397 3087 et
1426 3044 1664 3097 constituit,
1688 3058 1816 3088 unum
1848 3043 2036 3086 omnium
2068 3042 2301 3087 carminum
2333 3042 2645 3088 homericorum

161 3112 369 3170 originem
401 3113 583 3155 maxime
616 3112 843 3157 illustrasse
874 3129 1004 3174 quum
1044 3115 1145 3157 mibi
1176 3115 1231 3157 sit
1261 3113 1652 3171 persuasissimum,
1700 3120 1789 3155 tum
1830 3128 1957 3169 spero
1995 3120 2037 3154 et
2075 3110 2243 3155 confido
2275 3111 2536 3157 carminibus
2569 3110 2646 3156 illis

206 3250 241 3292 *)
297 3251 579 3298 Batrachtungen
603 3253 692 3287 tiber
716 3254 862 3288 Homers
887 3253 963 3289 [lias
987 3264 1059 3289 von
1085 3254 1166 3289 Karl
1191 3253 1400 3289 Lachmann.
1448 3253 1505 3288 nit
1528 3253 1697 3288 Zusfltzen
1722 3263 1794 3288 von
1819 3250 1939 3288 Horitz
1965 3250 2093 3296 Haupt.
2143 3251 2261 3289 Berlin
2289 3252 2391 3289 1847.

2064 3311 2083 3355 1
