2860 3631
1236 166 1295 174 -
1386 140 1440 185 10
1526 167 1584 175 —..

155 274 351 313 auctores
380 274 500 319 suut,
544 265 588 310 id
628 267 732 311 mihi
767 283 853 313 non
889 266 1130 325 urgendum
1175 282 1272 311 esse
1302 265 1484 324 videtur)
1515 266 1709 312 Hectoris
1737 282 1908 326 corpus-
1918 267 2162 327 surripere
2157 267 2365 321 iubetur,
2414 269 2528 315 haud
2572 274 2650 317 im-

156 336 307 384 merito
341 335 617 396 vituperatur.
680 334 802 381 Adde
845 334 963 398 quod
1001 336 1082 381 hoe
1119 340 1282 381 tautum
1321 335 1416 382 loco
1466 336 1525 394 (et
1556 336 1656 393 109)
1702 335 1746 381 in
1782 333 1912 381 lliade
1937 334 2182 382 Meretrice
2221 316 2415 385 vocatur
2431 334 2673 401 ἐύσκοπος,

153 406 325 466 saepius
356 405 399 449 in
429 403 639 464 Odyssea.
699 405 746 450 ln
777 404 983 450 vocabulo
1008 405 1257 465 μαχλοσύνη
1286 406 1327 463 ⁶)
1357 404 1564 451 ehseoeni
1593 403 1795 471 quiddam
1824 404 1993 451 videtur
2029 406 2190 460 inesse,
2228 420 2315 467 qua
2341 405 2399 452 de
2429 420 2566 455 eausa·
2584 410 2653 498 ah

153 473 448 520 Alexandrinis
479 475 769 534 improbatum
799 480 887 528 est,
919 473 1088 518 fuerunt
1115 474 1191 535 qui
1218 478 1352 519 totum
1383 469 1693 520 hemistichium
1724 478 1974 520 motarent.

363 544 459 587 Jam
490 558 593 587 vero
624 543 693 586 sac
722 549 865 586 tecum
895 541 1140 602 perpendas
1171 542 1211 585 h.
1244 542 1268 588 Ι
1299 542 1429 587 multa
1461 544 1600 587 minus
1631 548 1728 604 apte
1759 558 1855 586 esse
1889 542 2092 597 instituta,
2126 542 2256 587 multa
2288 522 2673 605 negligentissime*

153 628 250 658 esse
295 613 429 667 dicta,
467 614 509 656 in
548 612 688 655 multis
733 610 862 654 rebus
897 619 940 653 et
969 612 1010 653 h.
1043 612 1070 654 1.
1101 619 1144 655 et
1174 613 1265 654 aliis
1295 613 1422 656 huius
1452 613 1514 656 rh.
1562 627 1647 656 nou
1693 612 1843 690 paucis
1873 613 2000 670 longe
2044 612 2171 655 aliam
2202 621 2343 656 rerum
2375 612 2653 673 mythicarum

153 684 401 735 scientiam,
434 696 562 741 quam
600 695 713 741 quae
743 681 984 723 homericae
1025 682 1175 724 aetatis
1206 679 1369 723 videtur
1405 683 1537 724 fuisse
1567 682 1768 724 inveniri.-
1820 681 1927 724 Num
1966 677 2132 724 delebis
2160 680 2225 723 vel
2255 697 2321 724 vv.
2352 686 2528 730 28-30
2554 686 2654 730 'oum

153 755 205 797 A.
229 752 389 809 Kochly
410 753 480 803 ““),
511 750 576 792 vel
607 753 782 795 23—30
810 765 909 793 cum
940 749 1256 800 Alexandrinis,
1285 750 1351 792 vel
1385 754 1552 796 18—31
1585 766 1683 794 cum
1712 750 1764 792 Η.
1786 750 1998 794 Duntzero
2029 750 2126 805 ”¹72
2156 751 2406 809 praesertim
2431 751 2576 811 >quum
2601 755 2654 800 iis

151 819 346 865 versibus
377 820 523 863 eiectis
552 835 592 862 v.
623 821 681 864 35
710 819 779 861 vix
808 818 874 861 vel
906 820 1048 877 potius
1078 820 1187 863 nulla
1220 819 1381 862 ratione
1414 820 1550 878 possit
1579 819 1809 879 explicari?
1858 819 1965 863 Num
1996 816 2157 863 delebis
2186 835 2362 881 quoque
2388 824 2663 878 mbo—63,-

150 890 308 951 quibus
339 888 381 932 id
411 887 529 948 quod
560 904 771 947 nusquam
812 887 911 932 alibi
952 891 1098 948 (atque
1130 897 1216 932 tam
1246 903 1375 946 saepe
1407 891 1587 946 poterat)
1617 896 1683 931 est
1722 896 1939 933 narratum
1970 887 2188 932 Thetidem
2230 888 2356 933 deam
2385 891 2594 936 marinam
2625 907 2652 937 a

150 960 319 1005 Junone
349 973 446 1002 esse
478 954 719 1009 educatam,
740 972 765 1001 a
793 955 960 1001 Junone
991 956 1114 1002 Peleo
1144 972 1240 1001 esse
1269 954 1411 1000 datam
1444 971 1643 1009 uxorem,
1666 972 1817 1002 omnes
1848 955 1955 1003 deos
1986 953 2186 1002 fatalibus
2216 954 2296 1002 illis
2326 958 2484 1017 nuptiis
2517 958 2650 1006 inter-

151 1030 311 1073 fuisse?
372 1025 537 1071 delebis
566 1041 737 1086 quoque
768 1041 940 1080 versus,
972 1024 1128 1087 quibus
1159 1025 1316 1069 Niobes
1349 1023 1491 1069 sabula
1523 1025 1791 1070 continetur?
1824 1028 1927 1083 (602
1948 1029 2076 1087 sqq.),
2105 1025 2230 1081 alios,
2259 1025 2417 1086 quibus
2448 1043 2520 1072 rea
2550 1044 2649 1074 nar-

151 1104 317 1151 rantur,
361 1111 472 1157 quae
503 1093 557 1139 ad
587 1093 786 1153 cyclicam
816 1100 859 1137 et
889 1101 1072 1139 aetatem
1112 1101 1154 1138 et
1183 1093 1400 1138 scientiam
1434 1092 1681 1138 referendae
1712 1110 1808 1139 esse
1836 1093 2086 1140 videantur?
2145 1093 2320 1140 Minoris
2360 1095 2416 1140 sit
2445 1096 2651 1143 audaciae

152 1180 321 1211 mecum
353 1172 538 1208 statuere
569 1179 622 1206 ex
653 1163 718 1206 his
740 1162 1045 1226 similibusque
1078 1164 1205 1207 rebus
1235 1177 1330 1205 esse
1361 1161 1644 1221 colligendum
1676 1163 1930 1221 cyclicorum
1961 1162 2135 1207 demum
2174 1162 2460 1223 temporibus,
2497 1163 2654 1227 quibua

150 1234 475 1278 celeberrimum
507 1231 608 1274 illud
640 1231 803 1274 Paridis
829 1232 1040 1290 judicium
1072 1239 1114 1274 et
1145 1232 1306 1274 narrari
1338 1238 1380 1273 et
1410 1231 1528 1273 credi
1559 1238 1757 1290 coeptum
1788 1239 1876 1283 est,
1918 1231 2026 1273 hanc
2055 1246 2227 1293 quoque
2256 1231 2526 1289 rhapsodiam
2557 1249 2654 1279 esse

148 1312 305 1357 ortam,
321 1318 452 1364 quam
474 1301 770 1345 audacissimis
790 1302 869 1344 illis
891 1301 1118 1344 multorum
1141 1316 1340 1344 versuum
1366 1300 1628 1343 athetesibus
1648 1316 1743 1343 eam
1766 1316 1954 1360 purgare
1974 1308 2102 1360 atque
2129 1301 2402 1360 in-integrum
2432 1304 2653 1349 restituere

149 1374 295 1418 conari
335 1371 640 1433 nequidquam.
705 1370 817 1422 Quid
859 1370 1068 1414 audacius
1098 1387 1226 1430 quam
1258 1370 1470 1412 affirmare
1508 1370 1684 1412 carmini
1723 1368 1830 1413 bene
1872 1370 1982 1413 facto
2027 1369 2084 1413 ab
2115 1369 2329 1430 rhapsodo
2370 1371 2530 1433 aliquo,
2575 1373 2650 1417 ho-

150 1444 262 1488 mine
293 1441 423 1487 credo
455 1441 720 1500 ineptissimo
753 1448 879 1502 atque
911 1441 1181 1492 stultissimo,
1213 1438 1418 1483 eiusmodi
1452 1456 1519 1483 res
1550 1456 1646 1483 esse
1678 1438 1936 1484 inculcatas?

360 1524 454 1567 Huc
485 1521 670 1574 accedit,
700 1521 817 1583 quod
851 1522 979 1566 etiam
1013 1519 1067 1565 ab
1099 1521 1306 1565 sermonis
1338 1519 1540 1564 homerici
1573 1519 1878 1565 consuetudiue
1908 1519 2119 1582 quaedam
2151 1521 2192 1565 h.
2215 1520 2240 1565 Ι.
2273 1519 2466 1567 videntur
2496 1521 2649 1568 abhor-

149 1609 246 1641 rere
277 1601 323 1638 ut
360 1608 399 1637 v.
432 1596 487 1639 22
538 1594 632 1649 (54)
665 1588 853 1649 Ἕκτορα
884 1591 976 1635 δῖον
1015 1591 1182 1641 ἀεικίζει
1206 1589 1456 1647 μενεαίνων.
1518 1590 1623 1633 Nam
1663 1589 1929 1649 participium
1974 1590 2213 1647 μενεαίνων
2258 1589 2372 1650 apud
2419 1584 2654 1638 Homerum

149 1663 421 1722 coniungitur
472 1676 570 1707 cum
617 1660 821 1705 infinitivo
860 1660 972 1705 velut
1021 1660 1356 1717 κατακτάμεναι,
1408 1657 1687 1712 ἐπισπέσθαι,
1740 1657 2010 1717 δαιζέμεναι,
2063 1657 2349 1718 ἐρύσσεσθαι,
2398 1660 2651 1720 ὀρέξασθαι,

150 1733 282 1777 πιέειν
307 1731 561 1789 μενεαίνων.
624 1730 717 1773 Uno
750 1730 842 1773 loco
882 1729 916 1771 T
939 1732 1040 1782 367,
1074 1742 1144 1771 res
1174 1728 1288 1771 aliter
1319 1742 1414 1770 sese
1454 1726 1620 1770 videtur
1658 1725 1824 1770 habere.
1881 1728 2046 1787 Τρωσὶν
2071 1728 2310 1787 μενεαίνων
2342 1729 2497 1773 δύσετο
2528 1730 2655 1789 δῶρα

148 1800 280 1855 θεοῦ,
311 1799 389 1845 sed
420 1800 457 1844 is
488 1800 631 1852 locuS‚
655 1805 954 1860 praeterquam
986 1796 1101 1859 quod
1133 1812 1229 1841 eum
1261 1796 1340 1840 hoc
1373 1796 1464 1840 aliis
1495 1794 1549 1838 de
1580 1796 1722 1839 causis
1750 1796 1934 1840 conferri
1967 1811 2052 1841 non
2085 1796 2261 1858 poterit,
2285 1797 2369 1841 iam
2401 1796 2456 1841 ab
2477 1797 2652 1844 Alexan-

149 1870 285 1914 drinis
316 1869 495 1913 deletur.
559 1868 661 1912 Aliis
703 1874 843 1910 autem
876 1868 981 1910 locis
1012 1866 1181 1909 duobus
1212 1866 1318 1908 adeo
1350 1880 1435 1908 non
1467 1864 1730 1924 improbatur
1760 1865 1878 1926 quod
1909 1864 2024 1920 dixi,
2055 1873 2101 1908 ut
2130 1868 2417 1910 confirmetur.
2480 1869 2587 1911 Nam
2622 1870 2655 1911 0

149 1942 233 1985 617
265 1936 347 1982 ἀλλ’
380 1935 471 1981 οὐδ’
503 1937 567 1984 ὧς
596 1936 757 1979 δυνατο
782 1936 914 1995 ῥῆξαι
940 1936 1141 1994 μάλαπερ
1168 1936 1426 1993 μενεαίνων,
1471 1935 1650 1996 quisque
1681 1933 1801 1978 facile
1832 1933 2045 1995 supplebit
2070 1936 2202 1995 ῥῆξαι
2230 1934 2428 1997 idemque
2465 1936 2580 1981 cadit
2609 1938 2652 1982 in

149 2024 173 2051 ε
202 2011 286 2054 341
320 2008 370 2050 οὐ
396 2007 479 2063 μὲν
511 2006 564 2064 δή
597 2021 648 2048 σε
678 2004 934 2062 καταφθίσει
959 2006 1077 2061 μάλα
1109 2021 1190 2063 περ
1216 2005 1467 2061 μενεαίνων.
1535 2004 1769 2048 Diintzerus
1798 2003 2027 2048 offenditur
2056 2003 2199 2048 verbis
2229 2004 2486 2061 γλαυκώπιδι
2515 2007 2651 2065 κούρῃ

150 2078 208 2136 (v.
252 2077 328 2134 26)
376 2082 417 2118 et
456 2076 562 2122 λαὸς·
607 2076 665 2133 (v.
709 2075 785 2132 28)
827 2073 895 2118 cui
936 2072 1032 2117 alibi
1079 2080 1217 2132 genet
1275 2073 1487 2132 Πρίαμοιο
1536 2072 1757 2131 adjunctus
1807 2089 1903 2118 esse
1953 2072 2099 2118 soleat.
2162 2072 2484 2119 Obversabatur
2529 2075 2654 2120 huius

148 2151 300 2206 poetae
333 2144 474 2189 animo
506 2144 571 2188 vel
598 2143 647 2200 β
661 2146 747 2190 433
779 2142 827 2186 ἐκ
858 2143 1027 2186 πάντων
1059 2142 1110 2186 δὲ
1135 2143 1317 2200 μάλιστα
1333 2142 1433 2190 Διὸς
1462 2141 1702 2198 ri.1.,vel
1733 2159 1769 2186 ω
1798 2144 1885 2190 518
1915 2142 2152 2201 εὐξάμενος
2179 2142 2313 2203 κούρῃ
2344 2143 2405 2199 γλ.
2437 2143 2543 2204 ἢΔιι
2575 2159 2649 2188 πα-

149 2215 236 2273 τρί,
268 2213 423 2275 quibus
453 2213 558 2258 locis
590 2229 659 2257 res
690 2213 819 2273 paulo
851 2228 977 2257 secus
1007 2219 1092 2265 est,
1122 2228 1158 2256 v.
1191 2216 1244 2258 28
1275 2228 1328 2256 ex
1360 2210 1529 2255 duobus
1560 2175 1650 2255 aliis
1681 2218 1746 2255 est
1776 2213 2050 2272 compositus.

357 2294 535 2337 Versum
565 2297 620 2339 31
654 2291 739 2336 ἀλλ’
772 2294 845 2336 ὅτε
875 2292 930 2351 δὴ
956 2290 999 2351 ῤ’
1033 2292 1080 2335 ἐκ
1101 2295 1188 2334 τοῖο
1220 2288 1471 2350 δυωδεκατη
1503 2290 1634 2347 γένετ’
1665 2292 1759 2350 ἠως·
1788 2291 1919 2350 (idem
1938 2308 1977 2337 v.
1997 2294 2154 2350 A493)
2188 2293 2227 2336 h.
2250 2293 2277 2337 1.
2301 2307 2384 2337 non
2416 2293 2522 2337 satis
2555 2302 2653 2353 apte

152 2379 247 2407 esse
280 2363 464 2422 positum
503 2361 740 2406 rectissime
772 2360 991 2406 contendit
1021 2361 1330 2418 Lachmannus.
1392 2359 1556 2404 Etenim
1587 2359 1877 2405 difficillimum
1908 2367 1973 2406 est
2002 2360 2240 2421 explicare,
2280 2378 2304 2406 a
2336 2376 2523 2422 quonam
2554 2369 2648 2408 tan-

151 2431 249 2476 dem
280 2436 469 2490 tempore
501 2430 586 2475 h.l.
619 2436 743 2489 poem
774 2428 868 2474 dies
899 2436 1137 2489 computet,
1177 2430 1425 2489 praesertim
1457 2445 1612 2490 quum,
1645 2428 1686 2474 id
1717 2427 1833 2490 quod
1864 2445 1995 2489 supra
2025 2428 2424 2484 demonstravimus,
2456 2431 2659 2477 versibus·

155 2504 208 2547 12
240 2506 281 2543 et
312 2516 407 2561 sqq.
443 2499 612 2558 longius
643 2498 862 2558 quoddam
893 2499 1100 2559 temporis
1130 2499 1312 2559 spatium
1345 2498 1427 2541 iam
1461 2498 1730 2559 praeteriisse
1761 2497 2035 2558 significetur.
2111 2499 2173 2543 Ex
2203 2515 2327 2543 versu
2359 2498 2531 2544 demum
2567 2504 2650 2548 107

151 2575 193 2611 et
224 2585 276 2612 ex
309 2583 347 2612 v.
380 2572 466 2614 413
497 2568 594 2612 lieet
623 2568 832 2611 coniicere
864 2568 903 2611 h.
937 2583 1109 2629 quoque
1141 2567 1163 2609 l.
1199 2566 1288 2611 dies
1320 2567 1374 2610 ab
1405 2582 1457 2610 eo
1489 2565 1581 2617 die,
1613 2583 1698 2627 quo
1730 2568 1887 2611 Hector
1916 2575 1982 2611 est
2012 2573 2213 2622 necatus,
2247 2568 2548 2613 numerandos.

359 2653 430 2694 41,
491 2649 552 2691 De
584 2647 804 2702 similibus,
827 2664 936 2708 quae
969 2650 1009 2691 in
1044 2647 1122 2691 hac
1154 2647 1215 2690 rh.
1242 2655 1351 2698 sunt,
1385 2646 1624 2707 prudenter,
1654 2656 1698 2690 ut
1730 2648 1849 2702 solet,
1882 2657 1924 2692 et
1955 2650 2059 2691 scite
2092 2647 2290 2692 iudicavit
2318 2648 2368 2692 G.
2391 2648 2648 2708 Bernhardy,

149 2718 213 2761 vir
243 2718 520 2762 doctissimus
552 2720 613 2775 †).
2163 2732 2167 2736 ⁴

288 2858 473 2903 Folgende
500 2859 629 2892 daraus
654 2869 698 2891 zu
725 2856 941 2892 entwickeln
968 2856 1160 2900 erscheint‚
1185 2867 1224 2890 so
1250 2856 1291 2890 ist
1315 2857 1366 2890 sie
1392 2854 1448 2891 hei
1471 2855 1599 2891 Homer
1623 2855 1674 2890 als
1699 2855 1901 2891 allbekunut
1926 2850 2240 2899 vorauszusetzen‚
2268 2856 2377 2892 selhst
2403 2867 2506 2892 wenn
2540 2858 2590 2891 sie
2615 2858 2650 2891 in

282 2916 386 2961 jener
410 2915 518 2951 stelle
543 2914 852 2961 untergeschobeu
878 2913 971 2951 oder
993 2910 1174 2949 vtelmelzr
1199 2912 1266 2949 der
1286 2920 1412 2961 ganze
1427 2911 1575 2959 Ges-ang
1597 2913 1727 2959 spater-
1750 2912 1810 2949 als
1820 2910 1953 2950 Homer
1977 2922 2068 2950 war.
2105 2914 2181 2949 Wir
2200 2913 2310 2949 seben
2334 2913 2408 2949 hier
2429 2913 2536 2960 grade
2550 2913 2651 2950 recht

288 2973 461 3017 deutlich,
495 2974 566 3008 wie
593 2974 650 3008 dle
682 2973 817 3007 homer.
844 2973 1020 3016 Dichtung
1050 2972 1152 3005 einen
1182 2971 1280 3005 ihren
1314 2970 1451 3005 Horern
1486 2970 1670 3015 allgemein
1695 2973 1987 3017 gugenwartigen
2013 2971 2247 3017 {ilntergruud
2281 2972 2352 3006 und
2386 2972 2436 3006 als
2465 2972 2562 3007 Theil
2594 2974 2652 3007 ein

290 3031 425 3066 Ganzes
452 3031 516 3065 der
541 3031 634 3076 Saga
660 3035 891 3065 voraussetzt.

196 3086 232 3131 ’)
291 3088 369 3123 Hes.
395 3088 533 3132 Fragm.
559 3088 601 3122 41
631 3087 723 3122 Gettl
750 3087 867 3122 εἵνεκα
888 3086 1119 3134 μαχλοσύνης
1140 3091 1317 3134 στυγερῆς
1337 3086 1438 3132 τέρεν
1464 3085 1597 3122 ὤλεσεν
1623 3085 1746 3126 ἄνθος.

180 3143 236 3190 ’Ἴ
291 3156 325 3190 1³-
353 3145 407 3180 11

164 3201 241 3248 ·ῑ”)
296 3213 331 3248 1>-
357 3204 437 3240 383

195 3261 238 3305 †)
290 3259 321 3295 11
345 3272 364 3295 a
389 3273 423 3306 p.
449 3262 505 3298 48.
554 3263 620 3297 Λιιι
646 3261 752 3296 Sehlu
731 3272 788 3296 uu
813 3261 878 3295 der
900 3260 941 3295 ῙΙι
944 3271 982 3294 as
1008 3271 1079 3296 wei
1068 3261 1140 3295 ieht
1163 3270 1267 3305 cogar
1291 3261 1354 3295 das
1381 3260 1457 3295 Glei
1458 3260 1538 3295 ehni
1540 3268 1576 3294 ss
1603 3269 1668 3293 vor
1693 3260 1774 3293 dem
1799 3259 1989 3294 bildlichen
2015 3260 2199 3294 Auedruck
2225 3259 2279 3306 (Ω
2300 3261 2357 3303 41,
2371 3260 2448 3306 80),
2483 3261 2646 3306 dagegen

289 3319 333 3353 ist
358 3319 413 3353 ein
440 3320 516 3354 einr.
496 3320 595 3364 siges
620 3318 775 3363 Beispiel
800 3329 838 3355 ν
857 3318 928 3355 480
953 3317 1065 3363 vollig
1089 3318 1255 3363 geistiger
1278 3318 1398 3354 Natur.
