2860 3631
1252 117 1590 161 ..1:3..

378 246 463 291 Ἰν.
492 248 565 294 93.
589 248 635 293 4.
693 244 778 291 duo
796 247 880 289 ’.ἀπ
910 246 990 304 sep.
1019 246 1217 302 κάλυμμα
1244 252 1288 289 et
1315 243 1469 297 ἔσθος,
1499 258 1609 304 quae
1639 243 1886 303 saepissime
1916 250 2109 302 poterant
2137 244 2358 305 usurpari3
2389 253 2433 288 at
2463 244 2505 287 in
2536 243 2652 303 bym-

174 320 248 365 nis
294 316 466 361 demum
511 315 790 363 inveniuntur.
822 315 936 372 (Cer.
965 315 1156 363 42501.
1188 316 1278 373 13),
1340 313 1560 358 Praeteoea
1594 313 1737 357 nescio
1777 328 1831 356 an
1859 311 2146 390 quaerendum
2182 314 2263 365 sit,
2311 329 2413 358 num
2441 313 2656 359 Βοιωτία

176 402 265 445 με
286 392 436 432 mat·
465 384 503 428 is
532 385 659 429 fuerit
683 400 804 435 mos,
852 392 898 428 ut
925 386 1023 445 qui·
1019 399 1195 429 -summo
1224 398 1416 427 moerore
1461 390 1557 429 sunt
1595 381 1736 425 afflicti
1767 384 1881 438 (nam
1911 382 2012 441 quin
2050 390 2140 425 ater
2173 382 2286 429 color
2316 383 2369 427 ad
2405 383 2560 428 luctum
2600 383 2656 428 sit

174 454 428 503 referendus
453 470 542 499 mn
571 452 718 499 dubito
747 454 802 500 cf.
832 450 990 511 Sebol.)
1038 462 1129 499 atra
1157 460 1270 498 verte
1309 450 1439 498 induti
1479 449 1732 498 incederent.
1794 450 1938 511 Neque
1977 451 2019 496 in
2050 449 2171 497 Iliade
2213 468 2346 512 neque
2377 452 2417 497 in
2447 451 2654 513 Odyssea,

184 524 269 571 nisi
297 522 444 577 fallor,
492 521 628 569 ullum·
647 523 743 569 eius
773 524 903 569 moris
933 532 1110 583 apparet
1137 522 1386 581 vestigium,
1437 529 1583 565 eontra
1621 521 1662 563 in
1701 520 1863 579 hymnis
1894 521 2024 565 Ceres
2054 526 2248 564 narratur
2287 521 2368 565 filia
2400 522 2653 584 Proserpina

185 601 307 652 rapta
337 600 471 637 atram
499 599 659 636 vestem
689 600 880 650 gestasse
910 591 1090 651 ideoque
1118 591 1408 636 κυανόπεπλος
1434 598 1620 634 vocatur.
1682 591 1786 632 Nam
1817 589 1931 649 quod
1962 591 2002 633 in
2034 589 2191 648 Theog.
2224 590 2394 634 Hosiod.
2424 595 2509 637 406
2539 591 2651 636 idom

178 661 392 722 epitheton
422 661 607 706 Latonae
636 659 857 714 tribuitur,
898 659 941 704 id
970 659 1049 703 alio
1079 658 1242 702 videtur
1271 658 1488 718 pertinere.

382 730 487 775 Mira
516 728 686 784 deinde,
725 729 797 775 ubi
828 730 968 774 Thetis
997 730 1040 773 in
1071 729 1295 789 Olympum
1325 727 1514 782 advenit,
1550 727 1714 787 Jupiter
1744 734 1889 772 narrat
1919 727 1970 772 de
2003 728 2093 772 rixa
2134 727 2228 782 illa,
2257 744 2367 787 quae
2399 744 2475 786 per
2504 744 2651 774 novem

177 800 269 846 dies
302 801 409 844 inter
438 799 542 844 deos
574 800 721 844 fuerat.
782 801 972 864 Quisque
1004 799 1199 843 nimirum
1229 805 1429 861 quaeret,
1460 812 1589 859 quare
1621 797 1712 840 eius
1744 797 1803 841 rei
1835 806 1955 841 antea
1986 798 2143 841 mentio
2175 813 2259 841 non
2291 798 2343 841 sit
2375 798 2497 842 facta.

383 873 465 916 109
495 871 594 914 Sch.
624 870 670 914 A.
715 871 913 914 ἐντεῦθεν
944 870 1029 928 γὰρ
1054 869 1234 924 ’γέγονεν
1266 870 1293 928 ἡ
1325 868 1608 926 προδιαωιευῆ
1642 867 1752 918 „dm
1782 867 1872 925 ἢτοι
1902 868 2050 923 κλέψαι
2074 869 2156 922 μὲν
2188 868 2398 923 ἐάσομεν“
2430 874 2500 913 41.
2563 867 2648 912 Sed

173 941 253 982 nisi
283 948 405 982 antea
435 938 640 983 eiusmodi
672 941 893 982 consilium
924 947 1038 982 esset
1069 945 1469 989 commemoratum,
1501 938 1540 980 h.
1572 936 1596 980 1.
1629 937 1798 979 minime
1829 952 1936 993 opus
1966 944 2054 979 erat
2084 937 2174 979 eius
2207 937 2347 980 facere
2379 938 2648 982 mentionem.

171 1009 405 1053 Di'intzerus
434 1010 470 1066 ⁵)
502 1008 672 1068 quidem
703 1018 748 1052 ut
776 1025 925 1054 omnes
966 1024 1123 1053 naevos
1170 1007 1292 1051 huius
1331 1005 1393 1049 rh.
1443 1006 1724 1064 abstergeret,
1769 1021 1833 1049 vv.
1870 1008 2090 1052 106—111
2123 1004 2328 1050 delendos
2359 1022 2459 1051 esse
2491 1014 2646 1053 censet.

173 1077 250 1121 Cui
280 1076 546 1137 respondeo:
578 1077 667 1121 fieri
697 1077 867 1138 quidem
900 1078 1101 1136 potuisse,
1123 1083 1167 1120 ut
1197 1076 1405 1136 posterior
1436 1075 1584 1134 aliquis
1615 1081 1737 1133 poeta
1769 1075 1948 1132 cyclicae
1987 1075 2137 1133 opinor
2179 1076 2326 1118 aetatis
2360 1072 2651 1131 recentiorem,

170 1162 255 1207 qua
286 1153 388 1200 erat,
420 1154 600 1191 aetatem
631 1147 826 1192 omnibus
856 1147 936 1191 illis
967 1161 1074 1207 quos
1104 1146 1256 1190 eiicere
1286 1145 1425 1190 volunt
1457 1146 1557 1189 locis
1588 1142 1784 1204 proderet
1814 1142 1876 1188 vel
1907 1144 2068 1197 invitus,
2101 1143 2176 1188 sed
2214 1145 2281 1188 vix
2313 1146 2490 1204 cogitari
2522 1160 2649 1206 posse

171 1216 300 1276 rbaps
330 1214 428 1261 dum
456 1218 668 1261 exstitisse
698 1224 782 1261 tam
814 1218 1024 1279 ineptum,
1074 1225 1118 1260 ut
1147 1232 1257 1278 quae
1288 1216 1437 1260 ceteris
1468 1214 1606 1259 Iliadis
1652 1214 1840 1274 part-ibus
1886 1220 1970 1257 tam
2018 1221 2160 1273 aperte
2193 1224 2503 1275 repugnarent,
2554 1217 2651 1260 huic

174 1285 233 1328 rh.
266 1231 469 1329 agereret
499 1285 695 1345 plurima.

380 1354 426 1396 V.
461 1357 543 1400 116
574 1354 731 1413 Kochly
761 1353 941 1407 delevit,
987 1353 1124 1398 iudica
1156 1354 1246 1412 ipse
1276 1368 1406 1413 quam
1439 1360 1552 1395 recte
1584 1354 1650 1404 ⁵⁵).
1734 1354 1815 1397 125
1848 1352 2025 1408 ἱέρευτο.
2105 1352 2256 1395 Multae
2287 1353 2457 1413 quidem
2491 1355 2650 1397 formae

92 1415 96 1421 ⁴
173 1422 332 1468 activae
363 1422 479 1468 verbi
508 1423 686 1482 ἱερεύειν
717 1433 814 1468 sunt
845 1422 955 1484 apud
989 1424 1242 1475 Homerum,
1274 1421 1441 1480 passiva
1472 1427 1638 1481 praeter
1669 1419 1777 1464 lianc
1809 1421 1935 1464 nulla.
1996 1420 2050 1463 cf.
2084 1420 2137 1464 ad
2169 1437 2206 1464 v.
2241 1425 2310 1467 62.

382 1492 441 1536 De
470 1493 661 1542 versibus
691 1494 762 1554 qui
794 1494 876 1538 iam
908 1500 1139 1553 sequuntur
1168 1493 1220 1536 cf.
1253 1490 1446 1536 indicem.
1504 1490 1573 1535 Vv.
1617 1494 1839 1537 130—132
1891 1489 2081 1534 delerunt
2130 1491 2423 1546 Alexandrini,
2478 1494 2549 1553 qui
2596 1492 2648 1537 de

172 1561 379 1603 eiusmodi
411 1560 536 1604 rebus
566 1579 618 1605 ex
650 1564 736 1605 suis
767 1564 956 1621 ipsorum
988 1561 1177 1604 moribus
1208 1576 1292 1603 non
1323 1576 1375 1602 ex
1406 1561 1598 1603 heroicae
1631 1561 1779 1601 aetatis
1818 1560 1993 1616 ingenio
2027 1559 2222 1602 videntur
2259 1560 2479 1605 iudicasse.
2539 1563 2649 1612 Quo·

172 1647 265 1673 rum
296 1633 543 1674 sententiam
579 1633 726 1676 refellit
758 1632 913 1691 Kochly
944 1635 1033 1682 ““).

382 1706 619 1747 143—187.
680 1704 755 1745 lris
788 1704 961 1744 mittitur
982 1702 1151 1744 Troiam
1183 1701 1349 1743 Priamo
1382 1702 1469 1757 regi
1501 1700 1816 1749 denuntiatura,
1848 1706 1893 1741 ut
1922 1698 2146 1742 Hectorem
2178 1699 2368 1752 redimat,
2400 1699 2651 1744 Mercurium

180 1770 339 1813 itineris
371 1771 460 1813 fore
491 1771 641 1814 ducem
673 1779 715 1814 et
744 1773 957 1814 comitem.
1011 1771 1089 1813 Iris
1121 1771 1287 1812 Priamo
1317 1786 1443 1829 quem
1475 1769 1724 1826 gravissimo
1754 1784 1947 1812 moerore
1979 1769 2175 1814 afflictum
2208 1770 2320 1813 humi
2351 1770 2555 1814 iacentem
2586 1770 2649 1814 of·

178 1836 330 1890 fendit,
360 1839 476 1882 Jovis
509 1839 706 1883 mandata
737 1840 922 1898 exponit.

386 1912 480 1954 160
528 1909 576 1955 ές·
623 1909 847 1966 Πριάμοιο,
879 1912 964 1955 309
1015 1908 1065 1955 ἐς
1107 1908 1303 1967 Ἀχιλῆος,
1348 1910 1432 1954 482
1477 1906 1638 1964 ἀνδρὸς
1682 1906 1729 1954 ἐς
1772 1907 1946 1964 ἀφνειοῦ
1999 1914 2062 1950 ter
2101 1907 2203 1951 baec
2233 1907 2405 1966 ellipsis,
2452 1910 2645 1966 frequen-

182 1976 349 2020 tissima
395 1984 561 2035 postea,
630 1979 671 2020 in
726 1979 806 2022 bac
853 1979 913 2022 rh.
977 1977 1115 2021 Unum
1173 1977 1410 2035 exemplum
1464 1975 1573 2036 apud
1618 1975 1667 2020 H.
1710 1976 1810 2019 satis
1857 1977 2054 2035 frequens
2101 1978 2160 2020 εῖν
2200 1974 2368 2031 Ἄιδος,
2417 1978 2475 2020 εἷν
2502 1976 2651 2029 Ἀίδαο,

175 2046 238 2093 εἷς
262 2044 411 2089 Ἀίδαο.
460 2047 679 2091 Praeterea
729 2048 770 2090 in
811 2046 959 2101 Iliade,
1001 2047 1080 2091 nisi
1119 2046 1251 2098 fallor,
1284 2045 1368 2090 duo
1410 2046 1601 2105 exempla
1632 2046 1673 2089 Z
1703 2049 1800 2092 378.
1839 2049 1866 2091 9
1898 2045 1950 2105 ἠέ
1982 2062 2035 2106 πη
2069 2046 2117 2093 ἐς
2154 2047 2320 2102 γαλόων
2362 2047 2387 2107 ἢ
2419 2047 2649 2106 εἰνατέρων

177 2115 396 2159 εὐπέπλων
428 2117 454 2176 ἦ
486 2117 534 2165 ἐς
548 2115 768 2178 Ἀθηναίης
796 2118 1017 2176 ἐξέρχεται
1046 2117 1099 2159 cf.
1131 2132 1196 2160 vv.
1227 2120 1326 2163 383.
1346 2121 1388 2163 4.
1420 2125 1461 2160 et
1482 2117 1522 2159 in
1542 2115 1693 2160 eodem
1715 2116 1900 2160 carmine
1929 2120 1985 2161 47
2010 2117 2136 2159 πολλὰ
2158 2116 2244 2159 δ’ἐν
2276 2118 2451 2175 ἀφνειοῦ
2484 2118 2646 2176 πατρὸς

173 2187 360 2244 κειμήλια
390 2189 531 2229 κεῖται.
606 2188 728 2230 Plura
757 2188 847 2230 eius
878 2188 937 2230 rei
967 2186 1156 2245 exempla
1187 2187 1229 2229 in
1259 2185 1340 2229 Od.
1370 2187 1403 2242 β
1436 2190 1516 2233 195
1547 2185 1596 2233 ἐς
1626 2187 1817 2244 πατρός,
1859 2184 1890 2228 19
1918 2188 2002 2232 418
2043 2186 2089 2233 ἐς·
2118 2187 2340 2230 Ἀντινόοιο
2359 2222 2370 2241 ,
2418 2205 2442 2230 κ
2477 2192 2558 2234 282
2591 2187 2651 2231 ἐνὶ

174 2255 360 2314 Κίρκης,
389 2257 413 2298 λ
441 2260 527 2302 414
557 2277 612 2295 =
644 2257 685 2299 Z
709 2261 793 2306 74,
824 2272 859 2299 ν.
891 2259 946 2302 23
977 2256 1039 2302 εἷς
1067 2255 1286 2299 Ἀλκινόοιο
1305 2288 1318 2308 ,
1350 2272 1379 2297 σ
1407 2258 1490 2301 299
1521 2254 1584 2303 ἐις
1610 2255 1891 2313 Πεισάνδροιο
1921 2259 1974 2312 †).

384 2329 467 2371 160
497 2342 590 2386 sqq.
633 2325 806 2369 Luctum
839 2324 1170 2384 squaloremque,
1201 2340 1326 2383 quem
1358 2325 1400 2368 in
1431 2324 1583 2368 Priami
1614 2325 1731 2383 regia
1763 2325 1890 2369 fuisse
1921 2341 1971 2370 eo
2004 2332 2191 2386 tempore
2223 2334 2551 2371 consentaneum
2584 2334 2648 2371 est

174 2392 242 2436 hic
272 2401 410 2451 poeta,
435 2393 477 2437 id
507 2394 621 2453 quod
652 2394 776 2453 vulgo
808 2392 860 2437 ab
891 2392 1166 2437 imitatoribus
1196 2394 1285 2437 fieri
1309 2394 1512 2447 videmus,
1529 2408 1666 2438 nonne
1696 2393 1862 2437 videtur
1884 2395 2008 2437 nimis
2040 2396 2206 2438 auxisse
2230 2404 2354 2455 atque
2387 2399 2648 2440 exornasse?

383 2466 609 2510 173-175
639 2471 684 2506 ut
714 2464 796 2506 iam
827 2478 953 2521 supra
984 2465 1243 2520 (133—144)
1276 2463 1437 2506 initium
1468 2462 1718 2523 rhapsodiae
1750 2463 1782 2506 B
1814 2463 1934 2507 nobis
1966 2465 2076 2507 venit
2108 2466 2148 2508 in
2181 2473 2388 2519 mentem,
2421 2467 2490 2509 ubi
2523 2466 2642 2525 Jupi-

175 2537 240 2573 ter
270 2529 490 2574 Somnium
521 2533 644 2574 mittit
671 2531 727 2575 ad
759 2534 1149 2590 Agamemnonem,
1200 2546 1410 2574 summum
1442 2531 1555 2584 illum
1586 2532 1871 2586 Graecorum,
1921 2534 1993 2592 qui
2025 2533 2077 2576 ad
2109 2535 2275 2577 Troiam
2308 2536 2482 2594 profecti
2514 2544 2649 2586 erant,

174 2598 354 2652 ducem,
387 2601 447 2643 sic
477 2600 516 2644 h.
549 2616 717 2662 quoque
748 2600 771 2645 l.
803 2599 974 2644 eosdem
1005 2601 1089 2643 fere
1120 2599 1251 2644 habes
1281 2616 1452 2654 versus,
1482 2616 1591 2660 quos
1622 2602 1692 2645 illo
1724 2601 1814 2645 loco
1846 2601 1949 2645 deus
1980 2601 2250 2646 Somniorum
2281 2606 2450 2662 profert.
2513 2607 2563 2649 cf.
2615 2605 2647 2648 B

175 2672 354 2715 26—28.
407 2669 571 2721 Quibus
601 2670 654 2713 de
684 2671 877 2713 versibus
904 2669 1165 2713 Aristarchus
1208 2670 1379 2728 quidem
1414 2670 1569 2713 iudicat
1600 2670 1661 2713 ὅτι
1693 2671 1882 2714 ἐνταῦθα
1916 2673 2047 2726 ὑγιῶς
2076 2673 2268 2727 λέγεται,
2316 2673 2404 2716 ἐκεῖ
2430 2674 2479 2716 δὲ
2509 2678 2650 2721 κακῶς

174 2737 256 2779 ὑπὸ
288 2741 360 2779 τοῦ
390 2739 574 2796 Ὀνείρου
596 2740 705 2796 πρὸς
726 2740 795 2780 τὸν
817 2739 1098 2795 Ἀγαμέμνονα
1117 2740 1202 2796 ††),
1230 2747 1271 2781 at
1303 2739 1344 2782 in
1364 2738 1424 2782 rh.
1446 2738 1478 2781 B
1501 2739 1540 2781 hi
1571 2756 1718 2783 versus
1751 2741 1908 2798 optime
1940 2740 2144 2800 quad-rant
2175 2743 2307 2801 iisque
2338 2742 2445 2785 nulla
2478 2744 2640 2786 ratione

176 2821 402 2865 possumus
432 2823 598 2865 carere3
632 2808 730 2850 mihi
762 2815 805 2851 ut
835 2808 985 2851 multos
1007 2807 1110 2852 alios
1130 2808 1193 2851 sic
1224 2807 1300 2851 bos
1322 2823 1489 2868 quoque
1510 2824 1656 2852 versus
1688 2809 1754 2852 bic
1786 2825 1869 2852 non
1911 2810 2000 2868 ipse
2042 2810 2193 2853 fecisse
2225 2810 2299 2853 sed
2333 2810 2496 2854 aliunde
2528 2810 2643 2855 vide-

174 2883 242 2920 tur
272 2875 600 2936 deprompsisse.
668 2876 783 2921 ldem
815 2878 891 2920 erit
921 2876 1185 2921 statuendum
1217 2876 1268 2921 de
1299 2877 1377 2921 alio
1409 2877 1521 2930 loco,
1552 2878 1624 2939 qui
1655 2887 1720 2922 est
1753 2879 1875 2938 paulo
1907 2879 2010 2922 infra
2042 2883 2137 2925 220.
2171 2883 2267 2925 222.
2300 2884 2397 2926 223.
2447 2881 2641 2926 Priamus

174 2944 232 2987 ibi
263 2946 410 2988 iisdem
443 2948 528 2989 fere
566 2947 692 2989 utitur
730 2946 942 3000 versibus,
983 2948 1135 3005 quibus
1167 2947 1208 2989 in
1245 2947 1305 2990 rh.
1346 2947 1377 2989 B
1410 2949 1485 3003 (80
1515 2949 1629 3005 sqq.)
1670 2949 1821 2991 Nestor
1859 2951 2214 3005 Agamemnonem
2257 2950 2492 3007 alloquitur.
2557 2950 2642 2995 Ubi

221 3082 258 3128 ⁸]
316 3095 350 3128 p.
375 3084 454 3120 389.

207 3141 263 3186 ’Ἴ
312 3152 347 3186 p.
374 3143 428 3177 12.
477 3143 517 3175 V.
544 3143 609 3177 116
633 3143 793 3188 schleppt
816 3154 904 3188 ganz
929 3144 1168 3179 unbeht'ilflich
1192 3144 1281 3178 nach
1306 3144 1376 3178 und
1401 3115 1532 3177 euthalt
1559 3145 1663 3179 einen
1692 3146 1793 3179 Zeus'
1819 3145 2049 3189 unwurdigen
2076 3146 2233 3180 Zweifel.

189 3198 264 3243 m)
313 3210 347 3242 p.
374 3200 429 3232 12.
470 3200 569 3233 Denn
595 3211 633 3234 es
657 3201 812 3234 verstebt
835 3202 909 3234 sich
933 3212 1004 3234 von
1028 3202 1154 3244 selbst,
1173 3202 1250 3235 dass
1274 3203 1340 3235 wir
1364 3213 1427 3233 uns
1452 3212 1522 3233 von
1546 3202 1609 3235 der
1633 3203 1721 3235 auch
1746 3209 1842 3235 sonst
1866 3214 1980 3235 zuwei
1972 3203 2037 3235 ileu
2071 3214 2136 3235 vor
2122 3203 2370 3238 rkommendeu
2392 3205 2558 3240 Pruderie
2586 3207 2648 3240 der

313 3257 564 3292 Alexandriner
587 3257 644 3292 die
668 3257 1013 3293 charakteristiscben
1038 3260 1109 3293 und
1133 3258 1240 3293 durch
1264 3269 1299 3292 v.
1324 3259 1389 3293 675
1415 3257 1437 3293 f.
1464 3257 1687 3302 geforderten
1713 3259 1821 3294 Verse
1848 3258 2030 3293 130—132
2059 3260 2156 3294 nicht
2179 3260 2314 3296 rauben
2340 3261 2471 3298 lassen.

223 3312 266 3357 †)
315 3312 360 3350 cf.
387 3313 520 3359 Krttger
544 3320 637 3358 poet.
665 3314 743 3349 dial.
773 3315 869 3360 Synt.
894 3315 917 3362 S
942 3316 1092 3359 68‚21,2.

199 3371 267 3416 ††)
316 3372 359 3405 ad
388 3370 419 3406 Ω
444 3373 520 3405 174.
2047 3359 2098 3403 ‘2‘
