2860 3631
1259 92 1606 136 ..5-

184 205 487 287 nauffinna,
517 220 729 280 idivvaaque
758 220 846 266 mai
872 220 1031 279 ingenii
1059 226 1146 273 est,
1175 217 1293 279 qued
1316 206 1539 280 quamsit
1566 218 1767 277 exiguum
1794 232 1923 261 nemo
1955 232 2023 262 me
2053 218 2202 262 melius
2224 220 2317 271 scit,
2336 233 2475 278 neque
2504 223 2666 276 tempo-

186 296 250 342 εἰ.
285 292 462 339 m,
488 288 742 335 ”totum
780 286 915 332 debiti
948 286 1190 334 concedant
1226 288 1462 347 angustiae.
1542 286 1687 331 vUnam
1724 286 1827 331 mihi
1865 286 1988 330 liceat
2024 286 2319 347 quaestionum
2357 286 2671 331 homericarum

186 374 445 423 expenmere
453 355 730 418 particulam,
756 355 815 401 de
832 372 919 416 qua
938 354 1253 413 haescribeudi
1271 355 1337 402 vel
1354 354 1666 416 opportunitate
1693 361 1740 400 ut
1768 355 1884 401 aiunt
1903 354 1968 400 vel
1995 355 2246 400 necessitate
2270 355 2414 401 oblata
2436 354 2666 416 disputem.

396 441 533 500 Atque
562 444 731 483 constat
758 437 1020 498 posteriores
1063 438 1136 498 qui
1174 444 1293 483 vates
1329 437 1424 482 illes
1462 438 1627 497 priscos
1662 434 1796 481 secuti
1831 442 1929 481 sunt
1958 443 2106 496 poetas
2145 435 2233 481 sive
2272 434 2508 496 rhapsodos
2536 451 2672 497 quum

186 512 284 557 aliis
304 510 413 554 locis
431 514 523 553 tum
555 507 598 552 in
627 507 742 552 exitu
762 513 806 552 et
834 506 975 552 Iliadis
1004 514 1046 551 et
1066 505 1284 565 Odysseae
1313 507 1443 552 multa
1462 505 1680 551 adiecisse.
1712 505 1838 558 Quod
1857 521 1989 567 quum
2011 504 2064 550 de
2082 504 2278 565 Odyssea
2303 507 2474 551 minime
2496 504 2672 553 dubium

187 594 285 626 esse
313 575 520 630 videatur,
544 575 772 634 (nemiuem
803 576 916 622 enim
947 582 1051 636 puto
1080 573 1206 622 hodie
1235 575 1502 630 exstiturum,
1529 573 1604 636 qui
1634 581 1875 636 postremae
1905 573 2159 632 rhapsodias
2175 573 2415 635 Odysseae,
2445 592 2554 636 quae
2584 576 2671 622 iam

188 648 245 694 ab
280 646 536 692 clarissimis
574 644 655 690 illis
698 645 857 692 criticis
902 643 1196 692 Alexandrinis
1230 643 1505 706 Aristophane
1553 649 1680 705 atque
1718 643 1959 689 Aristarcho
2007 643 2061 689 ab
2098 643 2281 689 flumem
2319 643 2558 689 abiudicata
2593 651 2671 702 est,

186 713 392 773 suscipiat
420 713 719 771 patrocinium)
761 727 847 758 non
876 714 1059 757 alienum
1091 713 1192 757 mihi
1226 720 1296 759 est
1323 714 1458 758 visum
1488 719 1703 774 postrema
1734 711 1877 757 Iliadis
1906 712 2152 773 rhapsodia,
2203 714 2245 754 in
2276 728 2360 772 qua
2393 715 2478 756 iam
2508 718 2672 759 veteres

187 782 245 828 itti
274 777 544 827 Alexandrini
579 780 724 825 multis
752 779 880 826 rebus
909 788 1008 826 sunt
1036 781 1208 835 offensi,
1241 782 1476 825 accuratius
1512 781 1742 842 perquisita
1774 797 2000 839 exponere,
2022 776 2176 840 quibus
2216 780 2258 823 in
2299 779 2427 824 rebus
2462 795 2488 824 a
2521 782 2673 826 ceteris

189 847 333 896 Iliadis
362 846 607 910 rhapsodiis
635 846 867 892 abhorrere
894 846 1173 893 existimanda
1204 849 1269 892 sit.

393 918 529 978 Atque
560 915 614 962 de
646 916 887 962 Aristarcho
917 917 1090 977 quidem
1126 932 1290 970 vereor,
1322 933 1375 961 ne
1407 920 1454 962 C.
1486 917 1781 963 Lachmannus
1810 916 1995 961 severius
2032 924 2076 961 ut
2115 916 2322 962 interdum
2363 919 2526 963 solebat
2563 919 2670 964 iudi·

186 987 363 1042 caverit,
410 1001 541 1048 quum
572 984 688 1030 dicat
715 984 759 1030 id
790 983 1123 1047 exspectandum
1153 985 1297 1041 fuisse,
1326 992 1373 1029 ut
1401 985 1666 1031 Aristarchus
1696 992 1956 1045 postremam
1987 985 2128 1030 Iliadis
2165 987 2443 1046 rhapsodiam
2475 993 2517 1032 et
2546 987 2674 1033 xxm

186 1056 284 1102 iude
314 1071 339 1101 a
368 1070 493 1100 remu
523 1052 611 1100 824
640 1055 827 1115 quinque
857 1052 1176 1108 certaminibus,
1195 1061 1258 1099 tot
1286 1055 1397 1099 enim
1429 1055 1558 1100 fuisse
1588 1055 1822 1115 promissa,
1853 1057 2033 1114 peractis
2069 1056 2320 1114 reiiceret.')
2360 1055 2532 1100 Videtur
2561 1058 2673 1101 enim

186 1141 276 1171 rem
305 1123 544 1187 quandam,
598 1124 641 1167 in
677 1138 764 1185 qua
800 1125 905 1168 satis
941 1138 1141 1184 magnum
1180 1132 1245 1168 est
1282 1131 1538 1169 momentum
1569 1125 1680 1168 iusto
1721 1124 1897 1168 minoris
1935 1125 2194 1181 aestimasse.
2255 1125 2359 1169 Nam
2391 1126 2673 1180 Aristarchus,

187 1263 395 1307 suavitate
426 1268 469 1305 et
497 1260 720 1305 dulcedine
759 1260 963 1305 delenitus
998 1277 1083 1305 nou
1113 1263 1233 1306 l'acile
1272 1262 1329 1306 ab
1358 1264 1498 1306 animo
1528 1263 1755 1321 impetrare
1785 1263 1940 1320 potuit,
1977 1271 2023 1305 ut
2051 1277 2178 1322 quam
2208 1263 2480 1322 rhapsodiam
2511 1266 2672 1323 aliquot

188 1329 449 1377 atheteaibua
479 1330 521 1374 iu
551 1333 762 1388 integrum
794 1345 920 1389 posse
950 1331 1113 1375 restitui
1142 1331 1438 1384 arbitraretur,
1477 1347 1572 1375 eam
1613 1331 1805 1375 reiiceret
1834 1337 1978 1375 totam.
2038 1330 2179 1383 Quid?
2229 1332 2343 1391 quod
2374 1333 2530 1376 nostris
2560 1340 2666 1376 tem·

192 1400 369 1462 poribus
398 1399 591 1443 homines
622 1399 734 1442 haud
766 1398 923 1443 indocti
954 1398 1010 1443 ab
1042 1399 1269 1444 Aristarchi
1306 1398 1494 1459 partibus
1529 1407 1642 1445 stant
1670 1400 1848 1459 eiusque
1884 1401 2134 1444 sententiam
2172 1408 2319 1444 contra
2349 1400 2668 1446 Lachmannum

166 1467 449 1518 defendunt?
479 1467 597 1527 quod
614 1467 827 1512 Arminius
846 1467 1027 1525 Kochly,
1065 1469 1128 1512 vir
1157 1467 1444 1523 doctissimus,
1472 1483 1600 1527 quem
1630 1469 1672 1512 in
1703 1469 1768 1512 via
1790 1483 1813 1512 a
1832 1468 2101 1512 Lachmanno
2132 1469 2291 1512 munita
2320 1470 2668 1528 progredientem

189 1534 579 1598 conspiciebamus,
628 1551 765 1598 nuper
793 1535 1064 1596 rhapsodiam
1092 1536 1237 1590 XXIV,
1286 1538 1326 1582 in
1365 1553 1447 1598 qua
1483 1551 1735 1582 numerosos
1774 1538 1880 1581 istos
1916 1537 1982 1581 vel
2018 1537 2233 1582 terniones
2270 1536 2335 1581 vel
2370 1538 2668 1598 quaterniones

186 1622 387 1652 versuum
436 1606 647 1651 invenisse
696 1605 779 1651 sibi
823 1606 1006 1662 videtur,
1049 1607 1250 1651 tuendam
1290 1609 1504 1667 suscepit?
1563 1606 1718 1651 Verum
1767 1607 2000 1651 rectissime
2045 1606 2343 1651 animadvertit
2372 1606 2669 1652 Lachmanuus

187 1691 384 1731 oausam,
418 1690 504 1737 qua
534 1690 665 1720 causa
698 1681 837 1720 motus
866 1677 1075 1736 posterior
1103 1676 1254 1737 aliquis
1291 1684 1411 1738 poeta
1443 1678 1550 1722 banc
1579 1675 1851 1737 rhapsodiam
1882 1675 2089 1721 adiecisse
2119 1676 2426 1721 existimandus
2455 1677 2532 1733 sit,
2573 1692 2669 1722 esse

187 1744 461 1807 repetendam
491 1759 546 1789 ex
573 1746 611 1790 X
630 1743 867 1790 412—428
883 1747 958 1799 ¹⁵),
988 1761 1074 1805 quo
1104 1745 1197 1790 Ioco
1226 1745 1405 1791 Hectore
1434 1746 1559 1791 modo
1579 1748 1725 1791 occiso
1746 1745 1937 1789 Priamus
1968 1761 2096 1790 senex
2126 1745 2494 1791 vehementissimo
2525 1746 2669 1792 dolore

187 1817 368 1862 afflictus
397 1821 523 1874 atque
553 1813 825 1874 perturbatus
854 1815 1006 1875 vixque
1036 1816 1189 1860 mentis
1218 1830 1397 1875 compos
1426 1815 1479 1860 ab
1509 1817 1561 1861 iis
1591 1816 1666 1876 qui
1695 1815 1974 1859 circumstant
2003 1816 2158 1875 poscit,
2199 1824 2245 1859 ut
2274 1816 2415 1859 sinant
2445 1816 2583 1877 ipsum
2613 1816 2669 1861 ad

187 1900 317 1930 naves
353 1883 606 1928 Achivorum
656 1899 703 1928 se
749 1885 941 1928 conferre
979 1884 1243 1944 imploratum
1274 1885 1470 1931 Achillem
1509 1885 1623 1929 illurn
1662 1883 2016 1938 crudelissimum,
2061 1885 2097 1928 si
2138 1885 2244 1928 sorte
2283 1885 2348 1929 sui
2378 1884 2668 1930 misericordia

189 1954 408 2014 Peleique‚
446 1953 520 2012 qui
550 1960 593 1995 et
624 1953 717 2012 ipse
745 1968 876 1996 senex
906 1961 1039 2008 esset,
1082 1955 1286 1997 memoria
1316 1962 1456 1998 motus
1485 1955 1680 1998 Hectoris
1710 1969 1866 2014 corpus
1898 1952 2060 1996 reddat.
2121 1952 2184 1996 En
2216 1953 2510 1997 brevissimum
2540 1955 2667 2014 rhap-

186 2022 334 2066 sodiae
362 2021 500 2065 XXIV.
533 2027 829 2078 argumentum
859 2029 984 2080 atque
1016 2023 1072 2065 ita
1108 2021 1301 2081 quidem,
1330 2030 1377 2066 ut
1404 2038 1552 2066 omnes
1581 2022 1670 2066 sere
1700 2022 1953 2074 sententiae,
1984 2037 2093 2080 quae
2124 2021 2189 2065 his
2220 2022 2367 2079 paucis
2396 2021 2539 2066 verbis
2568 2038 2668 2067 con·

186 2093 392 2144 tinentur,
412 2089 691 2150 amplificatae
721 2097 766 2134 et
795 2097 944 2134 auctae
972 2097 1015 2134 et
1034 2098 1208 2135 ornatae
1238 2107 1334 2135 esse
1363 2089 1597 2136 videantur.
1635 2090 1780 2150 Neque
1811 2090 1924 2135 enim
1953 2106 2116 2141 vereor,
2132 2106 2185 2135 ne
2205 2089 2302 2149 quis
2321 2088 2548 2135 contendat
2577 2105 2669 2136 rem

189 2175 284 2206 esse
315 2168 485 2212 contra,
516 2163 629 2205 hunc
659 2159 805 2204 locum
830 2174 882 2204 ex
912 2160 974 2203 rh.
1004 2158 1044 2203 ‚Q
1071 2174 1167 2204 esse
1197 2159 1393 2206 effictum.

395 2228 472 2273 His
513 2228 662 2287 igitur,
713 2225 767 2271 de
806 2225 960 2288 quibus
997 2225 1125 2273 modo
1162 2226 1289 2273 locuti
1327 2244 1492 2282 sumus,
1533 2226 1727 2272 versibus
1757 2244 1809 2272 eo
1848 2235 2061 2290 tempore,
2111 2245 2196 2290 quo
2237 2229 2414 2273 fortasse
2451 2229 2669 2275 hominum

187 2315 440 2358 graecorum
471 2298 624 2341 animis
655 2298 691 2341 is
723 2298 860 2341 exitus
889 2296 1046 2352 Iliadis,
1076 2298 1149 2357 qui
1179 2299 1388 2357 genuinus
1417 2298 1544 2342 fuisse
1573 2296 1759 2351 videtur,
1790 2298 1873 2342 iam
1905 2315 1988 2342 non
2021 2298 2123 2342 satis
2154 2297 2335 2343 faciebat
2364 2300 2539 2353 (etenim
2562 2317 2667 2360 qua·

186 2367 284 2410 dam
315 2375 357 2410 et
385 2367 628 2410 curiositate
660 2374 702 2410 et
740 2366 1031 2410 misericordia
1060 2364 1329 2420 tenebantur,
1352 2376 1398 2411 ut
1426 2365 1526 2428 quid
1556 2367 1611 2410 de
1641 2365 1834 2411 Hectoris
1866 2383 2042 2426 corpore
2074 2376 2189 2411 esset
2218 2367 2372 2412 sactum
2404 2369 2513 2413 scire
2537 2386 2665 2429 cupe-

186 2439 301 2495 rent)
334 2445 459 2496 poeta
489 2436 642 2497 aliquis
674 2452 759 2480 non
790 2436 856 2481 ille
886 2435 1057 2496 quidem
1087 2436 1304 2483 homerico
1334 2437 1502 2495 ingenio
1541 2435 1759 2496 praeditus
1798 2435 2004 2482 adductus
2034 2444 2159 2495 atque
2190 2438 2396 2483 excitatus
2425 2454 2521 2484 esse
2551 2439 2666 2485 vide·

188 2514 279 2562 tur,
329 2514 375 2552 ut
391 2504 599 2568 Ἕκτορος·
636 2507 808 2568 λύτροις
841 2507 1080 2569 aequalium
1110 2507 1443 2569 expectationem
1483 2505 1682 2568 expleret.
1741 2506 1894 2552 Graeci
1938 2513 2103 2560 autem,
2155 2506 2314 2567 quippe
2353 2507 2426 2567 qui
2465 2507 2668 2566 singulari

186 2575 370 2637 quadam
404 2577 636 2620 Homerum
670 2576 945 2620 admiratione
975 2577 1238 2621 celebrarent
1269 2584 1394 2638 atque
1424 2577 1528 2621 mira
1559 2576 1625 2621 illa
1656 2578 1865 2621 sermonis
1894 2577 2096 2621 homerici
2124 2592 2357 2637 versusque
2389 2578 2496 2636 epici
2528 2578 2667 2621 suavi·

185 2652 272 2689 tate
302 2646 415 2705 capti
445 2646 600 2699 omnia,
633 2662 743 2704 quae
773 2644 987 2705 quandam
1020 2646 1183 2705 ingenii
1213 2646 1415 2691 homerici
1452 2644 1762 2690 similitudinem
1793 2661 1897 2707 prae
1928 2661 1974 2690 se
2005 2644 2211 2697 serebant,
2241 2644 2515 2691 libentissime
2548 2645 2666 2691 audi-

185 2722 279 2758 rent
308 2714 466 2777 quique
498 2713 577 2759 illis
617 2712 880 2776 temporibus
910 2716 1012 2760 artis
1041 2715 1218 2761 criticae
1248 2716 1419 2761 omnino
1450 2722 1591 2760 essent
1620 2715 1770 2770 rudes,
1809 2723 1854 2761 ut
1885 2714 1987 2760 alias
2018 2715 2160 2760 Iliadis
2190 2721 2354 2777 partes,
2405 2731 2513 2778 quae
2545 2713 2668 2761 nobis

187 2784 326 2827 minus
356 2783 544 2845 placent.
596 2786 650 2829 ita
682 2785 791 2828 hanc
819 2800 989 2846 quoque
1019 2784 1317 2845 rhapsodiam,
1368 2802 1452 2846 qua
1490 2792 1785 2843 argumentum
1816 2784 1919 2829 illud
1949 2801 2001 2829 ex
2032 2785 2095 2829 rh.
2126 2787 2162 2829 X
2201 2786 2421 2843 repetitum
2453 2786 2667 2844 copiosius

186 2868 283 2898 esse
313 2853 551 2912 expositum
583 2861 710 2915 atque
742 2852 989 2899 illustratum
1020 2870 1150 2915 supra
1180 2854 1384 2909 diximus,
1416 2862 1462 2899 ut
1490 2852 1674 2899 Homero
1705 2854 1878 2899 minime
1909 2853 2126 2912 indignam
2157 2852 2431 2913 accipiebant.

366 2933 447 2979 xAt
481 2949 534 2979 ne
569 2941 713 2979 nostra
743 2934 915 2996 quidem
946 2941 1084 2980 aetate
1114 2934 1360 2991 defuerunt,
1409 2935 1477 2996 qui
1506 2949 1586 2978 nos
1615 2934 1696 2978 hac
1725 2934 1788 2978 rh.
1821 2950 1996 2996 prorsus
2025 2949 2168 2978 carere
2209 2949 2292 2977 non
2321 2950 2451 2995 posse
2481 2934 2666 2980 affirma·

186 3011 290 3048 rent.
321 3004 504 3049 Hectore
534 3004 647 3048 enim
678 3011 830 3049 necato
860 3003 1031 3049 Achillis
1062 3003 1259 3050 ultionem
1292 3003 1477 3050 nondum
1505 3019 1602 3049 esse
1632 3003 1841 3065 expletam
1873 3011 1997 3064 atque
2027 3004 2242 3055 satiatam,
2275 3019 2360 3048 non
2390 3004 2527 3048 solum
2562 3006 2664 3049 ami-

184 3085 282 3114 cum
312 3072 509 3118 occisum,
533 3088 628 3118 esse
658 3071 947 3132 sepeliendum
978 3072 1173 3133 ludisque
1203 3072 1447 3118 solennibus
1477 3073 1570 3117 eius
1601 3073 1728 3117 funus
1758 3071 2055 3117 celebrandum
2088 3073 2252 3131 (quoin
2273 3072 2416 3117 funere
2442 3072 2670 3119 duodecim

230 3208 267 3254 ‘J
323 3210 440 3255 r·8⁴·

216 3266 272 3312 ”J
320 3268 435 3312 1)·δὸ-

2195 3326 2251 3370 1.
