2860 3631
1257 133 1312 142 -.
1413 106 1442 150 o
1544 131 1601 140 ..-

182 236 274 282 illos
312 236 502 296 captivos
532 233 739 280 Troianos
785 249 967 293 quorum
1006 240 1130 279 antea
1170 234 1329 279 mentio
1359 240 1473 279 esset
1502 233 1610 278 facts
1639 233 1677 291 ’)
1727 248 1824 278 esse
1870 233 2169 290 immolandos)
2216 233 2293 278 sed
2323 235 2454 278 etiam
2482 234 2676 282 Hectoris

180 317 339 365 corpus
368 317 443 359 ea,
485 317 617 365 qnam
649 303 836 348 minatus
866 307 982 348 esset
1000 300 1182 347 Achilles
1216 303 1269 361 “·)
1300 300 1554 348 contumelia
1583 316 1681 347 esse
1711 298 1992 348 afficiendum.
2037 307 2097 350 Ac
2125 317 2180 348 ue
2207 301 2272 348 sic
2298 299 2473 364 quidem
2502 301 2675 350 iliadem

179 373 288 418 bene
318 379 502 434 apteque
531 373 657 420 finiri.
695 373 950 433 Repugnat-e
980 371 1094 416 enim
1126 370 1293 432 legibus
1321 372 1429 417 artis
1458 371 1650 434 poeticae
1680 371 1759 431 (ita
1775 370 1891 417 enim
1911 370 2049 432 aiunt)
2080 385 2253 418 car-en
2282 371 2502 419 term‘nsri
2531 373 2674 419 animo

178 442 248 486 illo
279 442 452 485 Achillis
483 441 716 485 ulciscendi
763 439 1042 500 cupidissimo
1082 454 1167 483 non
1198 440 1387 501 placato,
1425 455 1510 486 non
1550 454 1677 501 posse
1708 439 1903 485 desinere
1932 439 2104 486 Iliadem
2143 442 2184 486 in
2214 440 2533 487 lamentationes
2578 440 2675 488 illas

177 511 473 560 miserrimus
507 525 618 571 quae
658 509 712 552 de
746 509 939 552 Hectoris
967 522 1074 551 nece
1102 510 1297 553 eduntur.
1356 512 1497 564 Quem
1528 510 1586 552 ibi
1615 523 1713 553 esse
1749 508 1907 553 finem?
1963 508 2103 561 Quam
2153 509 2485 566 absolutionem,
2527 517 2576 556 ut
2617 511 2675 556 ita

178 579 345 633 dicam,
379 588 509 640 atque
541 578 844 638 perfectionem
874 576 1075 622 ultionis?
1106 578 1211 621 Eam
1244 579 1420 622 inveniri
1449 580 1492 621 in
1523 579 1603 622 hac
1633 576 1877 637 rhapsodia‚
1910 577 1952 620 in
1983 591 2068 637 qna
2084 577 2281 634 Achilles,
2302 580 2377 639 qu'i
2406 580 2491 624 iam
2522 578 2675 626 habeat

177 657 451 709 perspectum
482 663 534 691 ne
565 646 722 690 ultione
751 646 926 708 quidem
956 645 1126 707 expleta
1158 648 1345 691 animum
1378 662 1505 707 posse
1537 647 1824 700 reconciliari,
1862 646 1936 691 sati
1966 644 2169 704 intelligat
2199 644 2499 692 necessitatem
2529 663 2669 710 aequo

176 718 320 761 animo
350 733 447 760 esse
477 715 719 767 ferendam,
741 715 948 759 levitatem
980 723 1110 774 atque
1131 716 1455 760 inconstanti-am
1486 717 1679 760 fortunae
1710 715 1919 758 humanae
1947 715 2162 772 deploret,
2186 715 2259 758 ubi
2280 717 2423 759 animo
2442 717 2669 776 tranquillo

176 792 218 829 et
236 786 402 844 placato
423 798 520 827 cum
542 782 654 836 eius,
674 783 746 843 qui
771 784 1009 826 Patroclum
1030 783 1206 837 eccidit,
1230 792 1348 843 patre
1370 783 1452 827 sub
1473 783 1627 828 eodem
1647 789 1759 827 tecto
1781 781 1964 827 dormiat
1982 783 2107 843 eique
2128 782 2202 827 titii
2232 797 2392 845 corpus
2412 783 2577 830 reddat.
2596 786 2669 839 “““)

385 852 527 913 Neque
558 867 659 896 vero
690 851 790 895 mihi
822 850 862 893 in
895 850 1037 894 animo
1067 857 1133 895 est
1163 860 1309 896 contra
1347 867 1420 905 ea,
1465 866 1575 912 quae
1616 852 1846 910 proposui,
1884 852 2101 909 copiosius
2137 850 2369 905 disserere,
2409 869 2544 914 quum
2583 870 2670 899 non

175 923 257 967 sim
288 922 459 966 nescius
490 920 544 964 dc
574 921 667 964 eius
699 917 812 963 modi
844 916 986 972 rebus,
1005 934 1117 978 quae
1147 919 1202 963 ad
1233 920 1505 964 aestheticam
1537 934 1666 979 quam
1697 925 1852 962 vocant
1882 925 2149 971 revocantur,
2168 918 2280 964 haud
2311 936 2409 965 raro
2440 922 2482 965 in
2514 929 2669 967 utram-

174 1005 258 1051 que
289 995 451 1046 partem
482 989 587 1033 satis
620 988 726 1032 bene
758 992 883 1047 atque
915 984 1194 1045 probabiliter
1223 985 1426 1047 disputari
1457 993 1499 1030 et
1528 1002 1655 1047 posse
1687 992 1728 1030 et
1758 984 1908 1030 solere.
1967 991 2020 1031 At
2057 1002 2209 1032 vereor
2237 989 2310 1047 qui
2342 987 2497 1033 talibus
2528 992 2672 1035 causis

175 1059 278 1103 moti
309 1058 370 1103 rh.
393 1057 516 1101 XXIV
540 1055 791 1110 defendunt,
821 1069 874 1099 ne
905 1054 1045 1099 minus
1075 1071 1130 1100 ex
1161 1055 1399 1100 homericae
1439 1055 1589 1100 aetatis
1620 1053 1790 1112 ingenio
1820 1068 1952 1112 quam
1981 1069 2035 1098 ex
2065 1056 2155 1099 suis
2185 1056 2375 1114 ipsorum
2406 1065 2669 1102 nostrorum-

174 1141 259 1186 que
289 1132 528 1185 temporum
561 1123 750 1171 moribus
781 1123 949 1173 tulerint
980 1121 1194 1169 iudicium.
1227 1126 1267 1180 τ)
1330 1121 1459 1177 Quod
1504 1129 1716 1184 utcunque
1754 1128 1839 1175 est,
1884 1137 1985 1166 num
2024 1122 2280 1168 aestheticae
2318 1125 2428 1169 illins
2466 1142 2669 1186 praecep-

173 1196 229 1240 tis
261 1195 466 1239 maiorem
501 1193 753 1240 habebimus
783 1194 911 1240 fidem
942 1209 1071 1255 quam
1101 1194 1244 1239 causis
1274 1200 1398 1253 atque
1430 1191 1664 1238 rationibus
1693 1207 1745 1236 ex
1776 1191 1881 1251 ipsis
1910 1189 2170 1237 carminibus
2199 1193 2420 1251 repetitis?

383 1261 471 1309 Sed
501 1270 727 1325 antequam
758 1262 812 1309 ad
843 1263 982 1324 ipsam
1013 1278 1105 1309 rem
1136 1261 1414 1316 accedamus,
1460 1261 1496 1307 si
1527 1261 1599 1323 qui
1631 1267 1777 1314 erunt,
1825 1259 1900 1321 qui
1930 1258 2036 1306 haec
2071 1258 2236 1320 legant,
2282 1277 2393 1322 quos
2431 1279 2669 1324 perpaucos

174 1334 264 1378 fore
296 1347 380 1377 non
412 1333 587 1392 ignoro,
633 1346 708 1377 eos
745 1333 825 1377 tria
865 1332 1155 1394 praemonitos
1186 1331 1291 1377 volo.
1351 1331 1536 1377 Primum
1572 1346 1713 1391 quumx
1735 1338 1821 1375 tam
1861 1328 1989 1374 multa
2019 1345 2152 1391 quum
2182 1328 2236 1376 de
2267 1330 2358 1376 aliis
2389 1332 2670 1393 scriptoribus

173 1403 434 1464 antiquitatis
465 1410 553 1445 tum
585 1401 638 1446 de
669 1402 855 1446 Homero
886 1408 929 1446 et
958 1403 1116 1461 scripta
1148 1401 1232 1446 sint
1262 1408 1303 1446 et
1332 1399 1572 1453 scribantur
1601 1414 1815 1461 quumque
1852 1399 1995 1443 omnia
2032 1398 2201 1459 legendi
2242 1398 2367 1445 nobis
2405 1401 2446 1446 in
2477 1401 2559 1448 hoc
2589 1417 2668 1462 op·

172 1470 315 1531 pidulo
347 1485 485 1531 neque
516 1471 571 1512 sit
600 1471 772 1514 occasio
806 1485 943 1531 neque
973 1477 1143 1529 tempus
1174 1485 1308 1531 neque
1340 1470 1542 1520 fortasse,
1574 1469 1609 1512 si
1641 1484 1718 1528 per
1748 1475 1972 1530 utrumque
2003 1466 2159 1521 liceret,
2173 1467 2387 1522 voluntas,
2417 1485 2497 1514 usu
2527 1478 2670 1531 potest

172 1540 332 1593 venire,
351 1548 397 1583 ut
424 1538 636 1601 quaedam
669 1554 692 1583 a
725 1553 794 1583 me
824 1540 1112 1600 proferantur,
1141 1553 1252 1600 quae
1285 1552 1349 1582 me
1381 1539 1584 1582 insciente
1614 1538 1696 1581 iam
1719 1536 1774 1582 ab
1795 1536 1886 1582 aliis
1907 1541 2006 1581 sunt
2026 1536 2199 1597 prolata.
2227 1538 2355 1593 Quod
2386 1539 2422 1584 si
2453 1537 2669 1596 acciderit,

175 1624 253 1653 oro
284 1616 411 1670 atque
445 1623 565 1667 rogo,
581 1623 634 1651 ne
665 1609 761 1669 quis
793 1615 911 1668 putet
940 1623 1009 1653 me
1040 1608 1205 1654 illorum
1237 1605 1308 1668 qui
1340 1608 1449 1653 hanc
1487 1607 1650 1652 illamve
1680 1621 1768 1652 rem
1800 1606 1924 1667 primi
1954 1605 2232 1652 ostenderunt
2261 1606 2374 1653 laudi
2405 1608 2576 1654 officere
2606 1609 2671 1656 vel

173 1677 412 1722 obtrectare
459 1678 523 1721 vel
564 1678 713 1721 salsam
755 1685 880 1737 atque
920 1679 1089 1722 inanem
1131 1678 1348 1736 gloriolam
1396 1678 1440 1736 (a
1473 1676 1584 1720 nulla
1615 1677 1728 1720 enim
1761 1692 1807 1720 re
1850 1675 2019 1734 longius
2049 1675 2225 1736 absum)
2266 1676 2368 1721 velle
2413 1678 2669 1740 praeripere.

174 1746 339 1791 Deinde
373 1747 456 1790 iam
488 1753 613 1789 antea
644 1745 696 1789 de
727 1747 795 1790 via
824 1754 867 1790 et
898 1747 1059 1789 ratione
1089 1761 1218 1806 quam
1241 1748 1281 1789 in
1303 1746 1513 1790 eiusmodi
1545 1746 1674 1789 rebus
1704 1744 1985 1788 diiudicandis
2015 1745 2242 1788 ineundam
2272 1761 2370 1790 esse
2401 1749 2560 1807 putavi,
2582 1747 2668 1793 dis·

172 1815 285 1860 serui
305 1817 392 1874 ·Η’),
423 1831 473 1859 ea
494 1814 689 1859 hocloco
721 1813 862 1858 denuo
893 1831 1108 1875 exponere
1138 1831 1248 1874 opus
1279 1831 1362 1860 non
1393 1822 1460 1859 est
1490 1817 1640 1859 visum.
1672 1815 1891 1859 Postremo
1923 1815 2102 1859 fortasse
2132 1813 2389 1874 quibusdam
2421 1833 2491 1862 res
2516 1819 2669 1863 afferre

170 1883 369 1939 videbor,
398 1900 509 1946 quae
541 1884 659 1944 parvi
690 1883 756 1928 vel
787 1883 940 1929 nullius
971 1885 1175 1929 momenti
1207 1886 1309 1937 sint,
1342 1884 1600 1943 minutisque
1633 1883 1760 1927 rebus
1793 1882 1852 1940 (id
1884 1882 1999 1944 quod
2029 1884 2111 1928 iam
2143 1884 2245 1928 mihi
2276 1885 2376 1929 vitio
2408 1894 2474 1930 est
2503 1886 2667 1944 datum)

171 1954 349 1999 nimium
385 1969 452 1999 me
485 1953 630 1998 leviter
662 1951 848 1998 tribuere
880 1951 1206 1999 arbitrabuntur.
1268 1951 1432 2007 Quibus
1464 1951 1703 2014 respondeo
1736 1969 1802 1998 me
1834 1968 1918 1998 non
1951 1953 2174 2015 unicuique
2207 1953 2291 2009 rei,
2339 1971 2472 2016 quamv
2508 1971 2664 2017 propo·

173 2040 291 2079 nam,
326 2039 465 2086 neque
497 2038 610 2068 nunc
640 2022 827 2068 tribuere
867 2038 1071 2082 magnum
1103 2038 1240 2083 neque
1284 2030 1404 2068 antea
1446 2022 1657 2068 tribuisse.
1720 2025 1773 2069 At
1809 2031 1852 2068 ut
1899 2023 2039 2068 multis
2077 2024 2208 2083 guttis
2238 2023 2666 2084 lapidem.interdum

177 2093 371 2138 videmus
403 2093 624 2147 excavari,
654 2108 794 2136 nonne
827 2092 940 2136 idem
973 2091 1096 2136 cadet
1128 2093 1167 2136 in
1202 2093 1275 2136 has
1306 2094 1605 2152 quaestiones?
1637 2108 1720 2136 non
1752 2093 1891 2137 multis
1922 2094 2207 2151 argumentis,
2239 2109 2348 2154 quae
2378 2094 2550 2155 quidem
2581 2096 2666 2141 sin·

216 2234 252 2277 ⁸)
315 2230 345 2268 Φ
367 2232 412 2267 27
437 2243 526 2277 sqq.,
559 2230 596 2267 Ψ
613 2232 658 2266 22
683 2244 759 2277 sqq.

202 2290 256 2333 ⁸)
305 2287 343 2324 Χ
361 2288 449 2332 335,
475 2288 557 2323 354.

186 2347 261 2389 ⁸*⁸‘)
309 2349 344 2380 in
367 2348 460 2380 hanc
484 2346 557 2380 fere
583 2346 788 2380 sententiam
814 2347 1006 2390 disputavit
1029 2345 1069 2380 Η.
1098 2345 1268 2380 Duntzer:
1305 2347 1391 2380 uber
1416 2346 1477 2380 das
1504 2347 1866 2391 vierundzwanzigste
1892 2346 1989 2380 Buch
2015 2346 2078 2380 der
2103 2346 2192 2380 Ilias.
2211 2346 2276 2381 Rh.
2292 2347 2376 2382 ltus.
2394 2347 2435 2382 N.
2458 2347 2496 2383 1³.
2523 2348 2555 2382 3.
2580 2349 2669 2384 1846

310 2402 354 2438 cf.
381 2401 468 2438 otfr.
492 2401 626 2438 noller.
654 2402 779 2438 Gesch.
805 2403 840 2440 d.
864 2415 917 2448 gr.
943 2403 1006 2438 Lit.
1032 2403 1046 2437 1
1071 2403 1128 2439 97.
1178 2402 1265 2445 „Nie
1289 2405 1413 2438 wurde
1438 2405 1494 2438 die
1520 2401 1599 2438 Ilias
1624 2406 1679 2437 ein
1706 2403 1960 2448 vollsundiges
1987 2404 2121 2438 Ganzes
2155 2405 2352 2449 geworden
2389 2406 2465 2440 sein
2491 2406 2586 2441 ohne
2611 2407 2669 2441 die

309 2454 558 2505 Ausliel'erung
584 2460 647 2495 der
671 2459 799 2494 Leiche
824 2460 971 2495 flectors
997 2470 1040 2495 sn
1065 2461 1187 2496 seinen
1213 2459 1318 2496 Vater
1341 2460 1414 2496 und
1439 2460 1496 2495 die
1524 2459 1732 2495 ehrenvolle
1757 2459 1963 2505 Bestattung
1987 2460 2049 2495 des
2073 2460 2392 2505 Troianerhelden,
2419 2467 2456 2497 et
2478 2462 2587 2508 paulo
2612 2464 2670 2497 in-

309 2517 381 2552 fra:
422 2516 472 2553 Es
496 2518 539 2552 ist
562 2516 659 2559 klar,
685 2517 765 2553 dass
789 2517 919 2554 Homer
943 2524 1080 2554 erstens
1102 2518 1173 2554 den
1198 2517 1282 2553 Plan
1307 2518 1369 2554 der
1393 2515 1473 2554 Ilias
1496 2519 1559 2552 mit
1581 2518 1659 2553 dem
1685 2517 1804 2553 vollen
1828 2517 2067 2554 Bevusstsein
2092 2517 2264 2563 entwarl',
2287 2518 2368 2555 dass
2392 2519 2457 2556 der
2481 2519 2576 2556 Zern
2602 2520 2665 2557 des

307 2574 463 2611 Achilles
487 2585 605 2621 gegen
631 2576 762 2611 Hector
785 2576 909 2622 irgend
934 2578 1015 2612 eine
1040 2576 1259 2621 Hilderung,
1300 2578 1378 2612 eine
1402 2576 1638 2621 Versohnung
1662 2575 1808 2611 hedurfe
1831 2575 1903 2610 und
1927 2576 2007 2612 dass
2031 2587 2087 2611 am
2111 2576 2213 2613 Bnde
2238 2577 2302 2613 des
2327 2577 2493 2614 Gedichts
2519 2579 2575 2614 fiir
2598 2579 2668 2615 den

307 2632 443 2668 Helden
468 2634 539 2668 wie
564 2633 620 2668 sur
644 2634 713 2669 den
739 2634 885 2669 Dichter
908 2634 988 2670 eine
1012 2634 1127 2669 unite
1154 2634 1225 2669 und
1249 2634 1486 2669 menschliche
1505 2634 1868 2679 Gemttthsstimmung‚
1894 2633 2036 2668 welche
2060 2635 2122 2668 mit
2145 2634 2248 2669 Ruhe
2275 2635 2332 2670 die
2343 2635 2501 2672 anunst
2525 2647 2665 2672 etwar-

308 2696 378 2733 tet,
404 2686 636 2727 erforderlich
663 2692 729 2728 sei.
756 2691 794 2727 G.
809 2692 866 2728 W.
891 2691 1052 2728 Nitzsch:
1077 2692 1144 2728 Die
1170 2692 1408 2737 Sagenpoesie
1434 2691 1497 2727 der
1522 2690 1693 2727 Griechen
1718 2691 1804 2726 270:
1829 2691 1891 2726 das
1905 2692 2052 2727 Gedicht
2075 2691 2236 2727 schliesst
2259 2693 2355 2727 nicht
2379 2696 2440 2727 mit
2464 2695 2528 2728 der
2544 2694 2665 2729 Rsclie

309 2758 352 2781 an
370 2748 511 2791 Hector,
538 2748 622 2783 weil
647 2748 762 2784 Achil!
789 2748 886 2784 nicht
909 2748 1037 2785 zuletzt
1061 2748 1113 2784 als
1138 2748 1202 2785 der
1225 2759 1361 2794 grause,
1388 2748 1496 2784 wilde
1513 2747 1650 2784 Rttcher
1675 2748 1880 2785 erscheinen
1906 2747 2031 2794 durno,
2056 2749 2146 2785 nach
2172 2748 2240 2785 den
2258 2749 2543 2796 Leichenspielen
2570 2751 2664 2788 dient

312 2807 524 2840 numentlich
553 2807 612 2840 die
638 2807 756 2840 Scene
781 2809 842 2839 mit
866 2807 1022 2840 Priamus
1047 2818 1109 2840 zur
1132 2807 1359 2853 Beruhigung
1383 2807 1453 2839 und
1477 2807 1671 2851 Erhebung
1694 2807 1758 2840 der
1780 2806 2069 2841 Henschlichkcit
2092 2807 2233 2842 Achills.

216 2863 258 2907 ·;-)
309 2863 447 2907 Optime
473 2864 517 2898 de
541 2864 609 2898 hcc
634 2875 672 2898 re
699 2865 839 2899 videtur
863 2864 1035 2899 iudicasse
1077 2865 1116 2899 G.
1143 2864 1359 2907 Bernhardy.
1387 2864 1511 2898 Gesch.
1537 2864 1570 2897 d.
1596 2874 1648 2906 gr.
1673 2864 1736 2897 Lit.
1761 2863 1802 2897 ΙΙ.
1826 2864 1952 2897 Bearh.
1977 2864 2017 2896 11.
2047 2866 2059 2897 1
2090 2874 2124 2907 p.
2150 2865 2206 2897 97.
2241 2865 2292 2898 Da
2318 2866 2387 2897 wir
2411 2875 2480 2898 nun
2506 2866 2581 2899 hier
2605 2865 2667 2898 suf

310 2931 411 2955 unser
436 2921 558 2966 cignes
586 2917 722 2956 Urthcil
747 2921 977 2966 angewiesen
1003 2921 1099 2964 sind,
1141 2930 1181 2956 so
1209 2920 1319 2956 durlte
1352 2931 1431 2955 man
1458 2920 1552 2955 ohne
1586 2931 1628 2954 su
1653 2930 1778 2965 grosse
1806 2919 1935 2955 Gefshr
1960 2920 2075 2956 dieses
2100 2920 2219 2962 Buch,
2256 2920 2413 2956 welches
2445 2921 2585 2956 erstlich
2611 2921 2663 2956 als

309 2978 365 3011 ein
392 2977 586 3023 hequemer
612 2987 719 3013 wenn
745 2978 836 3013 such
861 2977 958 3013 nicht
982 2976 1290 3014 unentbehrlicher
1312 2976 1506 3014 Abschluss
1531 2976 1593 3012 der
1617 2975 1783 3013 Achilleis
1807 2983 1973 3013 erwartet
1997 2976 2144 3013 werden
2168 2977 2320 3022 konnte‚
2347 2978 2438 3013 dann
2463 2978 2548 3015 aher
2574 2980 2663 3015 auch

309 3035 418 3069 durch
446 3036 508 3070 dss
533 3036 752 3071 waehsende
780 3036 904 3071 Geftthl
931 3036 985 3070 mr
1010 3036 1096 3071 Sitte
1122 3037 1193 3070 usd
1219 3036 1428 3072 Sittlichkeit
1451 3025 1630 3082 g'erordert
1654 3036 1796 3078 wurde,
1822 3035 1888 3070 fast
1913 3046 1956 3070 an
1984 3035 2051 3070 den
2077 3035 2213 3081 Beginn
2240 3035 2302 3071 der
2328 3036 2493 3081 Cycliker
2516 3037 2662 3081 rucken,

306 3093 469 3138 idemque
494 3105 528 3138 p.
557 3095 643 3129 1¹8:
684 3094 784 3128 noch
809 3093 944 3129 konnte
970 3094 1032 3128 dss
1058 3094 1205 3129 Gedieht
1228 3096 1288 3128 mit
1312 3095 1390 3129 dem
1416 3094 1513 3129 'rode
1537 3094 1682 3128 Hectore
1708 3094 1801 3128 nicht
1825 3094 2033 3134 schliessen‚
2060 3093 2212 3128 sondern
2239 3095 2325 3128 Sitte
2351 3096 2421 3128 und
2448 3096 2510 3128 das
2536 3095 2662 3129 Gemhl

308 3149 461 3187 hoherer
487 3150 697 3187 Sittlichkeit
722 3150 902 3188 forderten
928 3153 967 3188 in
991 3150 1267 3200 vorgertlckten
1292 3150 1421 3189 Zeiten
1445 3151 1513 3188 der
1537 3150 1751 3198 Rhapsode'e
1777 3152 1832 3187 die
1859 3151 2037 3187 feierliche
2063 3152 2266 3197 Bestattuug
2290 3154 2427 3188 sowohl
2455 3155 2517 3188 des
2536 3154 2660 3188 Patro-

309 3208 382 3243 clos
408 3209 540 3256 (neben
567 3209 814 3256 episodischen
840 3209 1146 3256 Leichenspielcn)
1172 3209 1223 3246 als
1249 3210 1336 3247 auch
1363 3209 1425 3247 des
1450 3208 1598 3254 flector,
1624 3221 1680 3246 um
1706 3209 1775 3246 den
1799 3210 1895 3247 scine
1922 3208 2021 3246 Stadt
2045 3216 2186 3247 trauert.

191 3266 260 3311 ἦτ’)
311 3268 353 3301 de
380 3274 466 3302 extr.
493 3267 556 3303 Od.
582 3276 680 3312 parte
707 3269 903 3303 dissertatio
929 3269 1051 3304 Bielef.
1079 3270 1168 3303 1855
1207 3269 1326 3315 Progr.
