2860 3631
1216 91 1556 138 „21-

148 223 299 271 oeulos
325 219 451 282 quaai
478 220 729 265 constituam
761 220 884 266 liuius
913 219 976 266 rli.
1008 220 1147 274 locos,
1195 221 1236 264 in
1264 218 1421 282 quibus
1456 219 1682 265 tentorium
1713 217 1884 263 Achillis
1916 226 1958 263 et
1987 217 2236 264 Aelurorum
2265 226 2406 265 easta
2433 233 2620 266 eoma-

148 296 389 345 monetet-3
420 291 444 336 1
475 286 588 337 θοὰς
616 288 683 334 ἐπὶ
713 292 841 350 νῆας,
889 293 942 338 17
974 287 1036 333 ἑνὶ
1063 289 1215 349 κλισίῃ,
1268 292 1350 336 122
1382 288 1431 338 ἐς
1457 287 1635 348 κλισίην,
1689 289 1786 334 155.
1821 289 1904 333 184
1934 285 2023 330 ἔσω
2051 287 2226 349 κλισίην,
2266 291 2353 337 336
2381 289 2525 338 κοίλας
2552 288 2622 335 ἐπὶ

148 363 278 421 νῆας,
306 360 393 404 408
425 358 513 417 πὰρ
543 358 732 419 νήεσσιν,
774 361 859 405 412
892 358 1107 418 Ἀχιλλῆος·
1137 358 1255 417 παρὰ
1285 358 1369 418 νηί,
1408 357 1502 416 ,413
1532 356 1579 400 ἐν
1607 356 1801 415 κλισίῃσι,
1851 359 1935 402 431
1968 355 2017 403 ἐς
2043 356 2216 417 κλισίην,
2263 361 2348 405 443
2381 359 2541 418 πύργον
2573 376 2620 403 τε

149 430 257 474 νεῶν
286 427 354 471 καὶ
384 426 572 486 τάφρον,
615 430 702 475 446
731 427 883 488 κλισίην
914 453 969 461 -
1000 427 1177 486 ὑψηλήν.
1228 426 1321 471 Jam
1352 427 1539 488 sequitur
1566 428 1650 471 471
1673 424 1815 484 γέρων
1846 423 1984 472 &zoae
2010 424 2096 469 κίεν
2134 425 2267 470 οἴκο
2286 444 2309 470 υ
2345 436 2385 470 et
2413 432 2499 475 512
2532 432 2618 472 τῶν

149 498 200 541 δὲ
230 496 415 556 στοναχὴ
444 496 551 539 κατὰ
582 496 707 554 adp
725 500 803 541 στ’
833 498 1007 556 ὀρώρει.
1070 496 1200 540 Cuius
1229 494 1399 557 quidem
1428 494 1581 540 domus
1612 509 1709 539 mox
1738 494 1892 539 oblitus
1922 503 2000 539 est.
2060 497 2147 541 519
2177 494 2244 538 ἐπὶ
2286 500 2393 555 νῆας
2420 500 2616 557 Ἀχαιῶν,

149 568 238 615 554
268 564 330 609 ἐνὶ
358 564 576 625 κλισίῃσιν,
607 568 695 613 564
721 565 835 614 θοὰς
862 565 931 609 ἐπὶ
960 568 1091 625 νῆας,
1120 566 1206 612 569
1237 563 1298 608 ἑνὶ
1328 564 1534 624 κλισίῃσιν.
1595 562 1689 607 Jam
1719 563 1869 608 iterum
1899 563 2183 608 reminiscitur
2211 562 2375 608 aedium
2414 569 2498 612 572
2529 567 2614 627 11²7·

148 634 291 695 λείδης
320 633 392 679 δό
409 633 570 679 ἵκοιο
598 635 709 679 λέων
741 635 805 684 ὣς
834 634 935 678 ἆλτο
965 633 1130 693 θύραζε
1159 632 1353 696 idemque
1384 633 1507 678 modo
1538 631 1665 677 domo
1697 632 1837 677 relicta
1866 636 1951 680 596
1983 632 2031 681 ἐς
2059 633 2224 693 κλισίην
2245 634 2362 676 πάλιν
2401 634 2477 694 ἤιε.
2523 636 2616 680 Jam

149 706 333 748 animum
366 701 536 748 adverte
566 719 618 748 ex
649 704 829 749 tentorio
865 702 928 747 vel
965 701 1094 748 domo
1133 709 1304 764 repente
1350 702 1437 746 fieri
1476 702 1636 762 regiam
1668 702 2138 761 magnificentissimam.
2200 701 2375 747 Ministri
2421 705 2531 748 enim
2576 712 2618 749 et

148 787 294 818 servae
321 770 488 818 Achillis
517 771 712 818 iubentur
740 776 826 821 644
843 771 976 831 δέμνι’
996 772 1064 817 ὑπ’
1093 771 1317 832 αἶθούσῃ
1348 770 1537 830 θέμεναι,
1559 786 1644 834 quo
1666 771 1775 816 facto
1796 773 1878 817 647
1911 772 1953 815 αἱ
1973 770 2106 815 δ’ἴσαν
2137 771 2184 815 ἐκ
2207 788 2241 829 μ
2261 788 2284 816 ε
2302 773 2375 829 γά
2383 790 2415 831 ρ
2431 790 2454 816 ο
2474 791 2486 817 ι
2506 791 2529 817 o
2560 783 2617 819 at-

147 857 232 902 que
262 840 341 886 illis
370 840 501 887 rebus
532 843 727 901 perfectis
757 841 945 886 Priamus
975 849 1017 885 et
1046 857 1201 902 praeco
1232 845 1317 888 673
1350 841 1394 884 ἐν
1426 858 1456 884 π
1466 841 1621 901 ροδό
1630 857 1665 898 μ
1684 857 1722 899 ῳ
1754 840 1822 883 δό
1832 856 1866 897 μ
1886 857 1909 883 ο
1930 858 1953 884 υ
1985 841 2135 884 αὐτόθι
2164 843 2430 900 κοιμήσαντο.
2477 845 2613 896 Quem

148 924 324 955 versum
357 910 443 956 l'ere
474 910 673 956 continuo
703 910 858 972 exeipit
886 912 992 958 675:
1023 910 1160 970 αὐτὰρ
1191 909 1398 971 Ἀχιλλεὺς
1424 908 1525 953 εὗδε
1549 910 1680 969 μυχῷ
1708 908 1863 968 κλισίης·
1890 910 2109 970 εὐπήκτου.
2142 910 2287 955 Nonne
2319 911 2615 971 imprudentis·

147 979 253 1023 sime
284 985 326 1023 et
354 978 561 1023 levissime
593 980 660 1022 hic
689 987 813 1041 poeta
843 978 1006 1022 videtur
1034 979 1201 1036 egisse?
1231 994 1316 1041 quo
1348 978 1472 1021 modo
1503 979 1612 1021 hanc
1642 978 2040 1022 inconsiderantiam
2072 988 2198 1036 atque
2229 981 2506 1024 temeritatem
2546 998 2614 1024 ex·

147 1047 346 1092 eusebis?
404 1048 539 1109 Atque
570 1048 677 1093 bene
708 1047 860 1093 accidit
890 1048 1003 1109 quod
1034 1049 1090 1091 illi
1123 1049 1226 1100 loci,
1261 1048 1302 1090 in
1332 1046 1483 1109 quibus
1514 1054 1599 1090 tam
1632 1047 1758 1105 longe
1790 1046 1844 1090 ab
1875 1047 2085 1092 homerica
2116 1048 2419 1093 consuetudine
2460 1049 2617 1093 recedit

146 1131 232 1160 non
262 1122 346 1161 tam
378 1116 497 1162 tacite
528 1125 599 1161 aut
629 1118 720 1161 eiici
752 1124 823 1161 aut
853 1117 1002 1160 mutari
1034 1123 1239 1177 poterant.
1313 1117 1454 1176 Neque
1500 1116 1605 1160 haec
1641 1117 1706 1160 vel
1746 1116 2023 1160 inconstantia
2062 1118 2124 1160 vel
2166 1116 2513 1161 inconsiderantia
2552 1118 2615 1161 vel

146 1186 402 1245 negligentia
432 1186 537 1246 sugit
550 1186 872 1238 Alexandrinos,
904 1185 946 1229 id
966 1185 1081 1246 quod
1096 1203 1148 1230 ex
1174 1185 1305 1230 schol.
1337 1186 1614 1245 perspicimus
1630 1183 1684 1228 ad
1699 1201 1737 1228 v.
1753 1187 1839 1232 512
1856 1185 2030 1242 &dimi-'2
2057 1186 2222 1245 ἣὸιπλῆ
2250 1188 2312 1229 ὅτι
2338 1203 2613 1247 καταχρηστι-

146 1256 235 1302 κῶς
263 1254 341 1303 τὰς
369 1255 529 1314 σκηνὰς
556 1254 695 1303 οὕτως
722 1254 851 1300 εἶπεν.
883 1255 929 1299 A.
990 1253 1125 1315 Atque
1162 1254 1339 1299 similem
1371 1252 1604 1314 explicandi
1636 1255 1838 1299 rationem
1871 1255 1959 1297 iniit
1991 1256 2028 1300 J,
2064 1256 2111 1299 U.
2147 1255 2265 1299 Faesi
2295 1259 2402 1302 512:
2435 1256 2614 1314 δώματα

147 1323 426 1382 uneigentlich
458 1323 537 1369 wie
566 1327 650 1371 572
681 1323 809 1368 οἴκοιο
838 1340 920 1368 von
959 1322 1036 1368 der
1065 1323 1208 1384 κλισίη.
1270 1322 1493 1377 Quomodo
1528 1329 1669 1366 autem
1708 1324 1794 1366 lieri
1835 1325 1992 1382 potuit,
2033 1332 2075 1366 ut
2116 1326 2186 1383 qui
2227 1324 2432 1383 quasdam
2474 1333 2616 1384 partes

146 1392 439 1437 venustissime
471 1392 668 1452 fingeret,
701 1392 811 1437 idem
843 1398 967 1453 poeta
997 1393 1038 1437 in
1069 1392 1148 1438 hac
1179 1407 1247 1447 re,
1286 1407 1413 1454 quam
1444 1406 1581 1454 neque
1612 1405 1708 1436 cum
1738 1391 2027 1435 Alexandrinis
2070 1408 2207 1453 neque
2239 1409 2336 1437 cum
2369 1395 2516 1437 Faesio
2547 1410 2614 1436 ex-

147 1475 296 1506 cusare
327 1462 503 1521 poteris,
533 1468 618 1506 tam
650 1462 939 1522 imprudenter
967 1467 1137 1523 tamque
1170 1462 1308 1522 inepte
1337 1463 1511 1520 ageret?
1560 1460 1734 1505 Factum
1764 1467 1829 1504 est
1859 1461 1960 1504 mihi
1992 1460 2117 1505 crede
2148 1477 2198 1505 ea
2228 1460 2283 1505 de
2314 1478 2465 1515 eausa,
2498 1463 2614 1521 quod

147 1530 214 1573 hic
244 1536 389 1589 poeta,
421 1531 578 1590 quippe
614 1532 685 1591 qui
725 1530 832 1575 bene
870 1532 1043 1575 sentiret
1072 1546 1118 1575 se
1150 1529 1452 1590 antiquioribus
1491 1530 1568 1574 illis
1606 1531 1762 1590 poetis,
1793 1545 1972 1591 quorum
2003 1531 2191 1574 earmina
2229 1532 2333 1574 satis
2376 1530 2482 1576 bene
2514 1541 2616 1591 puto

148 1599 348 1643 memoria
380 1598 567 1655 tenebat,
610 1600 778 1658 ingenio
817 1615 900 1645 non
933 1615 1028 1645 esse
1059 1614 1227 1659 parem,
1276 1600 1527 1660 simulatque
1556 1596 1727 1644 easdem
1758 1597 1964 1643 similesve
2004 1614 2073 1644 res
2104 1597 2159 1643 ab
2192 1598 2271 1643 illis
2310 1600 2393 1644 iam
2424 1607 2617 1645 narratas

146 1682 241 1711 esse
258 1667 563 1720 animadvertit,
583 1668 675 1713 illos
695 1684 856 1720 versus,
884 1683 993 1727 quos
1010 1669 1393 1728 praestantissimos
1410 1683 1503 1713 esse
1521 1667 1809 1723 arbitraretur,
1829 1668 1928 1727 quin
1945 1683 2047 1711 suos
2072 1668 2228 1712 faceret
2246 1669 2326 1712 sibi
2347 1684 2431 1713 non
2452 1677 2616 1729 poterat

146 1743 393 1798 temperare.
429 1737 522 1790 Qua
544 1737 585 1782 in
606 1752 651 1783 re
671 1736 924 1782 verecundia
946 1736 1129 1798 quadam
1152 1737 1329 1782 fortasse
1351 1735 1585 1798 prohibitus
1613 1743 1676 1782 est
1698 1737 1792 1782 illos
1812 1752 1959 1782 versus
1981 1743 2156 1781 mutare.
2205 1737 2265 1782 lta
2289 1737 2443 1783 sactum
2465 1745 2549 1789 est,
2569 1746 2614 1783 ut

145 1805 369 1850 tentorium
392 1804 557 1851 Achillis
587 1805 728 1860 modo,
761 1807 816 1850 ita
848 1807 906 1850 uti
938 1813 1041 1860 erat,
1059 1807 1297 1861 tentorium,
1325 1806 1449 1850 modo
1478 1805 1649 1850 domum
1680 1805 1806 1850 modo
1838 1806 1998 1865 regiam
2029 1821 2123 1849 esse
2156 1814 2371 1861 statueret,
2395 1808 2503 1850 nulla
2533 1808 2614 1850 alia

145 1873 336 1919 videlieet
366 1881 504 1920 motus
534 1890 686 1929 causa,
712 1876 791 1920 nisi
822 1874 937 1935 quod
968 1891 1111 1919 secum
1141 1876 1500 1920 commemorabat
1530 1876 1572 1918 in
1590 1873 1672 1918 Od.
1703 1890 1798 1918 esse
1823 1874 2030 1935 quosdam
2051 1890 2220 1927 versus,
2251 1874 2405 1935 quibus
2433 1892 2479 1920 se
2506 1875 2613 1920 bene

145 1944 204 1989 uti
236 1959 363 2004 posse
395 1952 572 2004 putaret.
634 1947 728 1999 Qua
768 1948 809 1988 in
849 1960 894 1989 re
939 1960 1083 1988 secum
1129 1960 1211 1989 non
1244 1943 1463 2004 perpendit
1493 1945 1534 1987 in
1566 1943 1754 2003 Odyssea
1801 1943 1891 1987 illos
1922 1943 2107 2005 hospites
2145 1946 2304 1989 versari
2337 1945 2379 1988 in
2411 1945 2538 2003 regiis
2568 1952 2611 1988 et

147 2011 306 2057 Alcinoi
336 2019 376 2056 et
406 2012 601 2066 Menelai,
641 2028 749 2073 quae
779 2028 945 2057 summa
975 2013 1285 2074 magnificentia
1316 2015 1582 2073 maximoque
1614 2019 1817 2072 apparatu
1850 2028 1873 2056 a
1906 2013 2039 2071 poetis
2070 2021 2299 2058 exornatae
2345 2014 2531 2067 fuerunt,
2569 2013 2613 2058 id

143 2089 282 2139 autem
314 2082 355 2125 in
391 2089 534 2125 nostra
564 2081 790 2140 rhapsodia
820 2097 916 2126 esse
947 2097 1084 2126 secus.
1142 2081 1266 2134 Quod
1296 2097 1347 2125 eo
1378 2082 1513 2140 magis
1543 2088 1609 2126 est
1641 2082 1815 2134 mirum,
1857 2080 1971 2140 quod
2002 2080 2109 2126 bene
2142 2082 2200 2125 uti
2231 2090 2398 2141 poterat
2435 2082 2609 2141 rhapso-

142 2148 236 2194 diae
265 2149 303 2205 Ι,
353 2148 463 2194 unde
509 2148 616 2194 duos
659 2165 807 2194 versus
851 2148 1105 2210 depromsit,
1151 2149 1344 2193 versibus
1389 2148 1664 2212 quibusdam,
1714 2151 1755 2193 in
1802 2164 1885 2209 quo
1932 2150 2117 2193 carmine
2160 2149 2375 2194 Patroclus
2410 2151 2605 2193 Phoeniei

140 2218 294 2263 lectum
326 2234 475 2278 parare
506 2220 719 2263 ministros
750 2234 976 2280 servasque
1007 2218 1136 2263 iubet.
1217 2218 1336 2271 Quae
1369 2234 1438 2261 res
1467 2225 1514 2262 ut
1542 2226 1659 2262 extra
1689 2235 1856 2263 omnem
1888 2217 2191 2262 dubitationem
2228 2227 2411 2279 ponatur
2450 2219 2608 2269 confer,

140 2287 177 2331 si
206 2285 280 2330 tibi
310 2286 493 2341 videtur,
523 2291 608 2334 343
638 2295 679 2331 et
707 2288 734 2330 Ι
754 2290 861 2343 658,
891 2287 920 2330 ὃ
948 2291 1055 2343 2963
1086 2289 1315 2334 644—647
1346 2306 1402 2327 ==
1433 2286 1461 2330 δ
1488 2289 1738 2339 297-300,
1768 2304 1794 2346 η
1823 2290 2074 2345 336—339;
2114 2289 2200 2334 673
2232 2306 2288 2327 ·-·-
2320 2287 2348 2331 δ
2375 2291 2481 2343 302;
2512 2291 2610 2334 675.

140 2360 167 2405 6
197 2376 253 2396 =
282 2357 308 2399 I
328 2360 425 2403 663.
455 2361 515 2410 4.,
561 2365 856 2418 praeterquam
905 2356 1019 2418 quod
1058 2355 1139 2411 ibi,
1172 2372 1257 2402 non
1302 2362 1346 2400 ut
1377 2355 1415 2400 h.
1449 2356 1475 2400 Ι.
1507 2356 1692 2410 Briseis,
1738 2372 1847 2417 quae
1885 2364 1971 2400 tum
2003 2356 2331 2416 Agamemnonis
2379 2365 2490 2410 erat,
2535 2355 2612 2401 sed

138 2424 292 2470 Lesbia
321 2426 529 2487 quaedam
562 2426 707 2472 mulier
737 2426 1011 2482 cum—Achille
1042 2423 1295 2473 concumbit.
1320 2425 1505 2486 Longior
1534 2427 1593 2472 tui
1624 2426 1907 2488 patientiaque
1938 2442 2099 2481 eorum,
2118 2428 2191 2488 qui
2222 2426 2326 2473 baec
2354 2434 2401 2472 ut
2426 2427 2614 2486 legerent

143 2497 186 2539 in
216 2496 400 2541 animum
432 2496 696 2553 induxerunt,
714 2513 807 2542 sum
839 2495 1014 2552 abusus,
1047 2494 1123 2542 sed
1152 2511 1248 2542 eam
1278 2511 1382 2551 rem,
1411 2497 1453 2541 in
1482 2512 1566 2557 qua
1598 2512 1808 2542 summum
1844 2502 2102 2542 momentum
2135 2497 2275 2544 inesse
2296 2505 2499 2557 putarem,
2529 2511 2613 2542 nou

141 2562 273 2610 tribus
308 2564 447 2612 verbis
486 2565 798 2627 transigendam
835 2582 929 2612 esse
965 2566 1119 2628 putavi.
1172 2565 1342 2626 Recipit>
1379 2572 1506 2628 atque
1537 2566 1738 2625 polliceor
1767 2567 1807 2611 in
1838 2567 1888 2610 iis
1918 2581 2027 2627 quae
2067 2574 2250 2622 restant,
2289 2582 2341 2611 eo
2378 2565 2610 2611 breviorem

143 2648 210 2679 me
242 2650 337 2680 esse
369 2636 564 2681 futurum.
2081 2641 2133 2683 Η.
2162 2641 2403 2697 Lieaegeng.
