2860 3631
1231 131 1571 176 „19-

153 278 282 324 quum
313 262 438 321 paulo
469 276 597 319 supra
629 262 929 320 praecederent
960 279 1020 306 vv.
1055 262 1172 318 παρὰ
1203 263 1287 320 νηί,
1334 267 1549 319 praeterea
1591 259 1860 304 scribendum
1894 262 2022 304 fuisse
2055 263 2099 303 ἐν
2131 264 2271 321 κλισίῃ.
2337 264 2487 305 Cetera
2520 278 2629 322 quae

154 332 274 377 ass'ert
304 337 543 389 praetereo,
577 338 675 374 sunt
695 331 805 375 enim
829 332 1003 390 repetita
1033 346 1085 376 ex
1117 330 1345 375 aesthetica
1377 329 1560 391 mihique
1592 329 1643 373 de
1676 331 1726 374 iis
1758 329 1875 374 aliter
1906 331 2172 375 sentiendum
2195 347 2289 376 esse
2321 331 2497 386 videtur,
2522 331 2632 376 velut

158 419 222 446 vv.
253 402 480 447 416—421
528 398 686 446 idcirco
732 417 827 445 esse
858 401 1119 454 eiiciendos,
1170 401 1269 462 quia
1314 415 1397 444 non
1444 400 1683 444 conveniret
1724 400 1763 443 h.
1799 401 1825 443 l.
1872 416 2205 444 commemorare
2238 400 2427 445 Hectoris
2472 418 2628 462 corpus

157 478 241 513 tam
271 469 447 527 turpiter
476 484 572 512 esse
603 476 848 524 tractatum,
882 486 965 529 qua
996 486 1039 514 re
1074 471 1226 513 Priami
1258 468 1449 513 dolorem
1481 470 1606 512 etiam
1639 472 1800 527 augeri.
1862 469 1964 512 lllud
1998 471 2126 512 miror
2157 471 2272 529 quod
2304 470 2530 514 offenditur
2561 487 2626 514 vv.

155 540 200 583 ἐν
231 537 428 596 κλισίῃσὶ,
479 554 588 599 quae
619 544 703 582 tam
736 555 863 598 saepe
901 538 953 583 de
985 554 1067 582 uno
1108 547 1362 597 usurpantur
1400 539 1601 590 tentorio,
1653 547 1697 581 ut
1735 539 1826 582 eius
1866 539 1924 582 rei
1963 538 2155 597 colligere
2187 538 2377 598 exempla
2418 540 2486 582 vix
2517 555 2627 599 opus

154 623 248 652 esse
278 605 480 651 videatur.
541 608 594 651 os.
626 608 666 651 B
703 612 800 655 227.
831 613 938 662 778,
971 609 1016 651 H
1040 612 1144 662 313,
1173 608 1199 650 l
1221 611 1326 662 263,
1358 608 1393 650 Λ
1423 611 1462 653 7.
1495 611 1598 662 834,
1629 607 1675 650 Μ
1702 612 1723 653 1
1757 606 1869 652 alibi.

359 679 445 723 446
477 692 572 737 sqq.
634 679 890 737 Saepissime
931 679 972 721 in
1010 677 1136 722 Iliade
1181 678 1358 721 tentoria
1398 677 1635 737 principum
1674 677 1923 721 Achivorum
1971 684 2376 728 commemorantur,
2418 692 2625 738 nusquam

156 752 296 789 autem
327 743 622 789 describuntur
651 747 909 800 accuratius,
942 762 1149 806 nusquam
1181 747 1266 789 sere
1297 745 1453 789 habent
1482 746 1693 806 epitheton
1728 754 1773 788 ut
1804 750 1888 791 449
1916 748 2109 805 (κλισίην)
2141 748 2315 804 ὑψηλήν.
2339 750 2386 798 “),
2418 762 2626 806 nusquam

154 815 309 859 mentio
340 814 385 858 fit
417 815 556 868 aulae,
608 831 714 876 quae
753 817 860 876 palis
891 816 1032 860 multis
1062 816 1101 859 h.
1133 815 1158 858 l.
1198 814 1455 859 circumdata
1494 832 1589 859 esse
1630 814 1811 869 videtur,
1843 832 2048 876 nusquam
2082 816 2256 874 ἐπιβλὴς
2286 817 2499 867 εἰλάτινος,
2541 830 2624 874 quo

157 884 274 927 aulae
306 892 428 942 porta
459 884 683 939 clauditur,
726 887 943 929 invenitur.
1006 887 1154 929 Nonne
1193 893 1368 944 apparet
1408 886 1684 944 antiquiorem
1722 885 1949 945 quemlibet
1992 893 2157 943 poetam
2191 885 2354 928 Achillis
2400 886 2624 928 tentorium

153 953 390 996 accuratius
420 951 728 1012 descripturum
760 970 843 997 non
875 955 1033 997 fuisse?
1064 953 1182 997 Adde
1212 953 1327 1015 quod
1360 953 1402 996 in
1434 953 1560 997 Iliade
1582 954 1676 1012 plus
1698 954 1829 997 semel
1861 954 1925 996 alii
1957 970 2123 1013 quoque
2142 954 2283 997 Achivi
2315 954 2512 996 Achillem
2546 952 2619 996 ad-

158 1028 270 1072 eunt,
302 1036 538 1080 praecones
571 1024 611 1065 in
644 1023 704 1065 rh.
737 1026 792 1074 A,
824 1024 948 1080 legati
981 1023 1031 1066 illi
1064 1023 1105 1066 in
1137 1022 1197 1066 rh.
1229 1023 1271 1077 l,
1305 1023 1521 1067 Patroclus
1552 1038 1720 1083 quoque
1753 1023 1791 1065 in
1824 1022 1989 1066 Achillis
2026 1025 2248 1067 tentorium
2289 1024 2411 1066 intrat
2454 1024 2542 1065 sine
2576 1038 2625 1066 ea

155 1091 416 1143 difficultate,
471 1108 598 1152 quam
631 1092 744 1136 illum
776 1092 997 1152 ἐπιβλῆτα,
1050 1109 1176 1154 quem
1207 1100 1292 1137 tres
1324 1092 1513 1137 homines
1552 1092 1620 1136 vix
1652 1107 1866 1136 removere
1900 1108 2023 1150 posse
2055 1093 2191 1152 fingit,
2243 1093 2292 1136 iis
2335 1091 2625 1151 praebiturum

159 1161 287 1204 fuisse
318 1167 644 1204 consentaneum
676 1169 751 1207 est.

361 1230 411 1276 H.
443 1230 677 1274 Dtintzerus
700 1239 744 1274 ut
775 1247 920 1275 omnes
953 1231 1158 1284 maculas,
1193 1246 1301 1290 quae
1328 1230 1368 1273 in
1394 1230 1471 1273 hac
1500 1231 1560 1274 rh.
1585 1230 1722 1273 inesse
1751 1229 2000 1283 viderentur,
2034 1231 2270 1289 detergeret
2295 1234 2462 1289 (omnes
2484 1240 2624 1274 autem

153 1299 262 1342 nullo
295 1298 420 1343 modo
453 1299 669 1358 detergere
703 1302 885 1360 poterat)
928 1318 990 1344 vv.
1022 1304 1192 1346 464—7
1231 1298 1430 1344 delendos
1473 1315 1567 1343 esse
1605 1306 1750 1343 censet
1779 1302 1845 1356 ““).
1909 1303 2001 1354 Qua
2048 1301 2086 1343 in
2134 1318 2177 1343 re
2223 1316 2305 1343 non
2351 1299 2512 1343 videtur
2557 1302 2618 1343 vi·

157 1369 269 1411 disse
300 1369 557 1428 respondere
589 1371 695 1413 inter
726 1387 771 1414 se
802 1388 837 1415 v.
869 1375 952 1416 462
985 1370 1162 1429 ἀλλ’ἧτοι
1196 1370 1276 1425 μὲν
1320 1369 1430 1425 ἐγὼν
1469 1370 1586 1412 πάλιν
1625 1368 1788 1425 εἴσομαι
1826 1378 1866 1412 et
1903 1387 1940 1413 v.
1981 1374 2065 1417 465
2107 1369 2204 1429 τύνη
2245 1370 2484 1413 ὃέἷσελδὼν
2516 1371 2621 1427 λαβὲ

156 1437 341 1492 γούνατα
370 1438 626 1497 ΙΙηλείωνος.
687 1439 946 1483 Admonetur
976 1440 1014 1483 h.
1048 1440 1072 1482 l.
1106 1456 1128 1483 a
1160 1439 1365 1483 Mercurio
1399 1439 1610 1491 Priamus,
1657 1447 1701 1481 ut
1732 1439 1963 1482 obtestetur
1993 1439 2189 1482 Achillem
2230 1455 2305 1498 per
2342 1448 2501 1499 patrem
2546 1456 2622 1499 per

155 1513 332 1549 matrem
373 1524 532 1566 perque
572 1508 723 1560 filium,
772 1508 813 1551 id
853 1508 965 1568 quod
1003 1508 1213 1561 Priamus,
1258 1509 1329 1568 qui
1366 1508 1497 1568 patris
1534 1513 1695 1550 tantum
1734 1507 1931 1551 Achillem
1972 1507 2210 1559 admonuit,
2256 1509 2392 1551 facere
2432 1508 2618 1566 negligit.

154 1575 283 1617 Porro
316 1576 354 1617 h.
388 1576 411 1617 l.
446 1577 553 1619 filius
586 1577 756 1620 Achillis
787 1585 1159 1630 commemoratur,
1209 1578 1328 1620 cuius
1360 1577 1598 1620 necessario
1634 1577 1867 1620 Diintzerus
1909 1576 2123 1620 contendit
2154 1577 2353 1620 Achillem
2387 1577 2513 1620 fuisse
2547 1577 2620 1620 ad-

155 1642 433 1698 monendum,
483 1646 516 1688 si
549 1644 717 1704 quidem
750 1653 872 1704 poeta
904 1646 1046 1689 Achilli
1078 1662 1172 1690 esse
1205 1645 1332 1689 filium
1364 1646 1587 1688 statuisset.
1653 1644 1805 1687 Mentio
1853 1645 1897 1686 fit
1927 1646 1997 1687 filii
2044 1646 2167 1688 etiam
2201 1645 2279 1688 alio
2312 1644 2496 1705 quodam
2529 1645 2622 1689 loco

163 1713 197 1755 T
219 1717 304 1758 326
336 1730 436 1772 sqq,
468 1731 591 1773 quem
624 1714 792 1773 quidem
835 1716 971 1758 locum
1006 1716 1238 1758 Dtintzerus
1280 1730 1364 1757 non
1403 1715 1491 1757 sine
1523 1715 1632 1757 iusta
1664 1729 1791 1756 causa
1822 1714 1863 1756 in
1894 1715 2177 1772 suspicionem
2209 1722 2342 1757 vocat.
2406 1715 2621 1773 Nusquam

154 1782 265 1826 enim
298 1791 651 1828 commemoratur
690 1784 754 1828 ille
786 1784 891 1828 filius
923 1791 964 1829 et
995 1784 1162 1844 saepius
1193 1790 1357 1844 poterat
1387 1783 1496 1838 fieri,
1534 1783 1661 1827 immo
1693 1798 1793 1827 vero
1826 1799 1876 1827 ex
1908 1783 2161 1844 quibusdam
2194 1783 2293 1827 locis
2326 1792 2471 1827 contra
2506 1790 2621 1843 pote·

156 1851 287 1895 rimus
318 1852 526 1896 coniicere
557 1852 753 1896 Achillem
795 1853 979 1897 nondum
1011 1854 1224 1897 mulierem
1264 1852 1447 1896 duxisse.
1510 1852 1629 1895 Velut
1679 1853 1720 1894 in
1760 1853 1820 1894 rh.
1854 1856 1866 1894 Ι
1910 1869 1955 1895 se
1998 1853 2143 1895 Achilli
2184 1854 2305 1894 filiam
2348 1870 2443 1895 cum
2485 1854 2623 1894 multis

159 1919 283 1962 donis
315 1921 354 1962 in
387 1922 700 1964 matrimonium
734 1938 827 1965 esse
855 1921 1047 1965 daturum
1080 1922 1301 1980 promittit,
1322 1937 1447 1980 quam
1481 1919 1651 1979 quidem
1683 1921 1965 1963 conditionem
1989 1921 2049 1963 ille
2082 1921 2283 1981 repudiat.
2333 1924 2384 1964 At
2415 1923 2485 1980 qui
2518 1922 2624 1963 hanc

156 1989 195 2030 ei
226 1989 507 2031 conditionem
541 1997 704 2047 poterat
736 1993 886 2033 offerre
920 2007 1109 2033 summus
1142 1992 1208 2033 ille
1242 1992 1496 2032 Graecorum
1530 1988 1637 2042 dux,
1686 1990 1720 2031 si
1753 1990 1931 2032 Achilles
1964 1990 2043 2032 iam
2077 1991 2182 2032 iusto
2216 1991 2481 2033 matrimonio
2527 2006 2624 2032 cum

161 2057 239 2099 alia
271 2058 441 2100 muliere
473 2060 618 2101 suisset
648 2060 924 2103 coniunctus?
985 2066 1115 2119 Atque
1147 2057 1335 2102 Patroclo
1367 2058 1508 2102 occiso
1540 2058 1730 2114 queritur
1762 2057 1915 2102 Briseis
1951 2058 2002 2102 de
2034 2075 2136 2103 nece
2170 2058 2345 2103 Patrocli
2377 2059 2447 2118 qui
2473 2057 2623 2116 μ’ἔφα-

164 2142 264 2172 σκες
287 2123 495 2184 Ἀχιλλῆος
525 2126 655 2170 θείοιο
674 2129 686 2184 ll
709 2127 922 2186 κουριδίην
954 2127 1098 2186 θήσειν
1132 2127 1306 2187 ἄλοχον,
1339 2126 1453 2176 ἄξειν
1487 2127 1582 2169 τ’ἐνὶ
1613 2128 1754 2187 νηυσίν
1775 2128 1786 2173 ll
1820 2126 1867 2174 ἐς
1900 2127 2050 2187 Φθίην,
2089 2128 2246 2171 δαίσειν
2280 2143 2323 2171 τε
2355 2129 2487 2185 γάμον
2514 2127 2625 2184 μετὰ

160 2193 499 2252 Μυρμιδόνεσσιν
532 2196 592 2254 (T
615 2198 819 2256 297—9).
881 2196 1007 2240 Aliter
1038 2212 1104 2240 res
1136 2212 1180 2240 se
1211 2194 1366 2239 habere
1399 2194 1561 2240 videtur
1592 2195 1633 2238 in
1665 2195 1874 2254 Odyssea,
1912 2211 2037 2256 quam
2075 2197 2147 2257 qui
2180 2198 2430 2254 pepigerunt
2460 2196 2623 2239 Achillis

154 2263 307 2319 filium,
342 2278 366 2306 a
398 2266 565 2324 cyclicis
597 2274 743 2323 postea
775 2268 950 2308 summis
983 2266 1175 2307 laudibus
1206 2272 1397 2307 ornatum
1430 2273 1631 2306 noverunt
1664 2267 1709 2321 (r
1742 2269 1845 2313 189,
1881 2266 1908 2305 ὃ
1936 2270 2063 2315 5-9,
2095 2267 2116 2305 λ
2147 2269 2230 2309 492
2263 2282 2372 2324 sqq„
2403 2270 2487 2310 509
2510 2266 2620 2323 sqq.)

157 2331 298 2389 ibique
338 2334 419 2374 iam
460 2333 615 2391 Scyrus
660 2335 792 2375 insula
838 2343 1211 2386 commemoratur,
1264 2334 1376 2376 unde
1414 2335 1570 2378 Achille
1612 2342 1775 2376 mortuo
1817 2335 1956 2376 Ulixes
1997 2335 2311 2388 Neoptolemum
2350 2336 2623 2378 arcessivisse

158 2399 414 2459 perhibetur.
462 2402 625 2455 Quibus
656 2401 781 2444 rebus
813 2402 918 2445 bene
951 2403 1165 2444 intellectis
1196 2403 1452 2454 Di'intzerus,
1484 2403 1554 2460 qui
1590 2403 1729 2443 omnia
1761 2419 1867 2460 quae
1900 2404 2144 2459 posterioris
2176 2419 2270 2444 esse
2303 2404 2452 2444 aetatis
2483 2402 2622 2444 viden-

157 2476 226 2512 tur
256 2471 387 2523 eiicit,
438 2470 515 2514 hos
546 2487 713 2533 quoque
744 2489 891 2515 versus
922 2471 1120 2515 delendos
1152 2488 1245 2514 esse
1276 2472 1451 2514 censuit.
1518 2472 1611 2521 Qua
1642 2470 1693 2514 de
1726 2489 1769 2514 re
1804 2488 1868 2514 me
1910 2471 2028 2514 aliter
2059 2470 2243 2515 iudicare
2284 2471 2365 2514 iam
2398 2469 2623 2515 identidem

158 2537 256 2582 dixi.
318 2541 408 2582 Non
440 2540 617 2584 delenda
656 2549 752 2584 sunt
782 2543 850 2584 illa
891 2543 1136 2585 recentioris
1166 2542 1342 2599 originis
1380 2541 1576 2598 vestigia,
1631 2557 1738 2599 quae
1780 2550 1874 2584 ante
1914 2540 2215 2585 Alexandrinos
2256 2542 2467 2601 aliquanto
2506 2541 2624 2602 plura

152 2608 279 2652 fuisse
310 2609 525 2664 existimo,
559 2610 697 2654 multis
729 2611 862 2671 iisque
895 2610 1185 2655 audacissimis
1217 2610 1494 2663 athetesibus,
1526 2610 1760 2654 laetandum
1793 2612 1930 2670 potius
1962 2612 2238 2664 remansisse,
2287 2610 2396 2654 unde
2430 2610 2480 2653 de
2514 2619 2620 2654 tem·

158 2692 261 2737 pore
292 2677 412 2722 huius
443 2678 505 2723 rh.
538 2680 636 2724 satis
668 2687 826 2724 certum
859 2681 965 2724 serre
997 2681 1118 2724 liceat
1149 2679 1361 2724 iudicium,
1395 2680 1557 2723 Revoca
1591 2681 1626 2723 si
1659 2679 1792 2740 placet
1825 2681 1864 2722 in
1897 2681 2082 2723 animum
2116 2682 2265 2723 furtum
2299 2680 2515 2732 Mercurii,
2548 2680 2620 2723 Pa-

153 2746 256 2790 ridis
287 2746 505 2800 iudicium,
547 2750 752 2805 Troilum,
799 2749 981 2803 Nioben,
1030 2749 1312 2794 Cassandram
1345 2766 1446 2794 neve
1488 2749 1551 2794 his
1583 2749 1685 2795 locis
1716 2748 1912 2794 omnibus
1945 2751 2113 2794 remotis
2145 2749 2412 2809 rhapsodiam
2445 2749 2497 2794 ab
2530 2766 2619 2795 om-

156 2813 279 2860 nibus
311 2816 453 2861 naevis
484 2814 700 2861 liberatam
733 2825 771 2863 te
804 2816 957 2863 habere
988 2818 1215 2879 putaveris.

359 2884 450 2929 Jam
482 2902 580 2930 vero
613 2886 677 2930 fac
709 2903 871 2931 mecum
905 2886 1139 2947 perpendas
1171 2902 1259 2932 rem
1292 2887 1501 2948 quandam
1535 2889 1846 2945 gravissimam,
1877 2888 2032 2932 scilicet
2063 2903 2186 2949 quam
2220 2889 2354 2948 inepte
2387 2896 2509 2949 atque
2543 2888 2616 2932 ab·

159 2952 284 2998 surde
317 2954 416 3013 (noli
448 2962 592 3015 putare
624 2972 689 3000 me
722 2972 809 3000 rem
842 2957 1016 3016 augere)
1050 2957 1116 3001 hic
1148 2964 1270 3016 poeta
1303 2956 1392 3002 aliis
1424 2956 1614 3001 versibus
1646 2964 1806 3012 utatur3
1848 2972 1930 3019 qua
1962 2958 2002 3000 in
2034 2973 2078 3000 re
2111 2958 2238 3000 multa
2271 2959 2477 3000 commisit
2509 2959 2620 3012 vitia,

206 3094 242 3140 ⁸²)
291 3097 412 3140 excipe
444 3095 458 3130 1
491 3096 558 3131 663
591 3101 694 3145 μυχῷ
720 3097 853 3146 κλισίης·
875 3099 1043 3146 εὐπήκτου
1067 3113 1115 3130 =
1141 3097 1171 3133 Ω
1196 3099 1281 3140 675;
1320 3096 1441 3133 11’566
1465 3097 1594 3146 κλισίην
1620 3097 1798 3133 εὔτυκττυν
1831 3098 1942 3141 ἵκανε,
1973 3097 2006 3134 ltv
2026 3099 2093 3133 210
2117 3099 2166 3133 κλ.
2193 3098 2349 3133 εὔτυκτον
2382 3098 2498 3140 ἵκανε,
2542 3111 2622 3133 nam

232 3182 241 3189 .
296 3154 429 3195 κλισίας
451 3168 489 3189 τε
511 3158 742 3203 κατηρεφέας
764 3163 815 3190 est
839 3158 871 3189 in
898 3158 1003 3190 Scuto
1030 3157 1087 3190 illo
1114 3157 1270 3191 Achillis.
1301 3154 1332 3191 Σ
1354 3157 1431 3190 589.

193 3212 249 3257 ⁸⁸)
299 3224 331 3256 p.
357 3214 424 3246 406
449 3225 500 3258 sq.
550 3214 659 3248 Aliter
683 3215 844 3248 iudicavit
871 3215 1074 3249 wolckerus
1100 3227 1155 3259 ep.
1182 3215 1277 3259 Cycl.
1306 3214 1334 3247 ll
1359 3216 1439 3255 422,
1478 3215 1565 3248 Dass
1591 3215 1741 3249 Priamos
1769 3214 1922 3248 nachlier
1948 3215 2040 3249 nicht
2065 3214 2221 3249 xw-irklicli
2248 3214 2333 3248 auch
2361 3214 2415 3248 bei
2444 3214 2504 3249 der
2531 3214 2621 3249 Mut-

292 3275 344 3303 ter
369 3271 437 3303 und
466 3271 542 3305 dem
573 3271 682 3305 Kinde
709 3272 806 3314 steht,
848 3272 889 3305 ist
914 3271 993 3305 kein
1020 3284 1058 3306 so
1085 3284 1223 3316 grosses
1249 3270 1375 3319 ἄλογον
1403 3271 1452 3305 als
1478 3282 1554 3304 man
1582 3272 1654 3305 sich
1679 3271 1846 3305 vorstellt.
1897 3271 1966 3304 Der
1992 3272 2123 3316 Antrag
2160 3272 2361 3304 anzullcl.eu
2396 3273 2437 3304 ist
2471 3272 2504 3304 in
2541 3262 2638 3306 eine*

291 3329 512 3372 ange-meme,
539 3330 713 3364 vielleicht
739 3331 875 3365 'ublichc
900 3331 1037 3365 Formel
1063 3331 1250 3375 gekleidct.
2083 3373 2107 3417 3
