2860 3631
1205 111 1545 163 -tz.—

161 238 756 306 anaasssmtm‘ffl‘
779 240 822 297 in
840 239 930 304 )tac.
947 239 1019 296 sb.
1043 240 1190 296 ,emnia
1214 238 1455 302 pmezmale
1471 239 1675 295 sinstitutoe
1694 237 2050 293 contundamffit·
2064 239 2276 300 quaedam
2298 255 2400 285 esse
2418 238 2604 300 putot-or·

136 313 244 365 rime
263 311 387 362 tut&
408 316 453 355 et
477 309 576 355 flet·
605 308 880 355 libentissime
909 308 1155 355 concedam.
1217 309 1307 369 Ego
1337 324 1507 371 quoque
1538 307 1668 353 libere
1699 309 1899 368 profiteor
1934 308 2032 351 nihil
2063 311 2150 352 sere
2192 310 2603 371 praeclariu‘uquo

135 381 353 447 pulchrius
380 379 483 439 fingi
511 379 714 441 potuisse:
739 394 867 441 quam
901 380 1110 434 Priamum
1139 394 1320 434 senemq-
1344 379 1601 439 gravissimo
1630 386 1756 441 atque
1786 377 2152 425 vehementissimo
2183 378 2603 424 moerore-afflictum

140 453 299 501 intrare
335 449 559 495 tentorium
600 449 796 503 Achillis,
836 450 907 510 qui
948 450 1081 509 ipsius
1111 448 1245 514 flium
1275 449 1537 502 carissimum
1576 457 1618 493 et
1649 449 1919 493 fortissimum
1949 449 2170 494 Hectorem
2202 450 2427 503 interfecit,
2478 450 2603 510 eique

137 518 392 580 supplicare..
402 533 635 581 manusque
666 518 755 564 illas
785 518 1020 572 exosculari
1045 512 1194 572 datad<
1221 517 1520 577 ἀνδροφόνους
1534 515 1659 577 (479)
1681 526 1722 561 et
1760 525 1944 562 mentum
1982 518 2146 577 ἀνδρὸς
2175 517 2447 576 παιδοφόνοιο
2478 519 2602 577 (506)

137 567 414 647 aitingoie³²et
444 586 516 632 filii
545 602 701 646 corpus
732 587 853 631 donis
883 585 1036 632 oblatis
1067 587 1379 646 pretiosissimis
1409 588 1615 647 accipere.
1656 629 1659 632 ,
1684 586 1735 630 At
1766 587 1890 631 multa
1923 588 2079 631 niteant
2109 587 2227 640 licet,
2278 603 2414 649 neque
2445 586 2601 631 verebi-

138 644 234 702 ritm-
262 655 493 716 periculum
532 647 728 717 quod'ex
759 655 968 700 eiusmodi
998 647 1315 716 quaestionibus
1346 671 1473 699 sanae
1504 656 1642 699 menti'
1663 656 1909 716 integroque
1941 657 2094 700 iudicio
2125 658 2344 700 imminere
2385 656 2604 701 affirmavit

125 716 374 771 Dantur-us
402 726 454 783 “),
498 725 728 768 acerrimus
761 725 881 768 huius
913 724 974 768 rh.
1007 730 1293 784 propugnator
1324 740 1459 784 neque
1490 725 1655 769 silentio
1693 726 2070 783 praetermittemus
2110 727 2239 769 multa
2270 724 2446 769 sordere
2477 733 2603 785 atque

130 794 437 854 Jacere‚,multa
452 793 507 838 ab
524 793 737 837 homerica
761 792 927 837 dicendi
945 792 1246 839 consuetudine
1264 794 1412 840 mirum
1430 800 1630 855 quantum
1650 793 1866 843 recedere,
1888 794 2016 837 multa
2031 795 2205 844 narrari,
2221 809 2331 855 quae
2348 794 2603 854 antiquiores

132 869 283 926 poetae
317 862 506 907 nondum
538 864 707 907 novisse
737 862 979 914 videantur,
1017 869 1103 905 tam
1142 862 1293 906 multos
1321 878 1467 906 versus
1497 870 1538 906 et
1567 878 1618 906 ex
1650 860 1774 906 Iliade
1813 870 1854 905 et
1883 878 1934 905 ex
1966 862 2157 921 Odyssea
2188 880 2284 907 esse
2315 862 2603 921 depromptos,

132 938 180 981 ut
208 932 251 976 in
282 931 392 977 nulla
412 925 510 976 sere
542 930 679 976 Iliadis
710 939 828 993 parte
860 931 1063 976 maiorem
1094 931 1281 980 invenias
1311 947 1550 983 numerum,
1590 930 1803 992 ,quosdam
1840 948 1939 976 vero
1975 939 2059 976 tam
2091 933 2230 994 inepte
2261 939 2386 994 atque
2421 931 2602 976 absurde

135 1010 230 1047 esse
261 998 508 1061 usurpatos,
540 1010 586 1046 ut
616 1001 770 1046 furtum
801 1010 951 1062 sponte
982 1009 1198 1063 appareat,
1213 1009 1342 1063 utque
1375 1003 1499 1061 panni
1529 1019 1580 1046 ex
1612 1001 1744 1046 aliena
1775 1003 1895 1062 quasi
1925 1010 2040 1047 veste
2071 1003 2234 1064 abrepti
2266 1003 2320 1048 ad
2351 1019 2445 1047 eam
2475 1019 2602 1064 quam

131 1073 222 1133 ipse
254 1072 351 1118 fecit
380 1078 425 1116 ut
455 1073 511 1116 ita
541 1071 679 1116 dicam
710 1071 847 1116 adsuti
879 1072 1048 1116 minime
1079 1070 1300 1134 quadrent.
1363 1072 1487 1117 Cuius
1518 1071 1577 1116 rei
1609 1071 1803 1131 exempla
1834 1071 2091 1117 inveniemus
2122 1072 2466 1118 luculentissima.

338 1142 431 1183 Jam
461 1157 562 1185 vero
591 1141 752 1201 Jupiter
782 1141 1000 1200 alloquitur
1029 1140 1285 1186 Mercurium
1316 1141 1443 1183 filium
1472 1144 1576 1186 334:
1601 1139 1773 1197 Ἑρμεία
1810 1143 1876 1182 σοὶ
1915 1143 1998 1198 γάρ
2038 1158 2082 1184 τε
2113 1143 2300 1198 μάλιστά
2325 1159 2375 1196 γε
2406 1143 2602 1198 φίλτατόν

134 1203 242 1262 ἐστι,
270 1211 283 1268 ΙΙ
312 1209 438 1268 ἀνδρὶ
468 1210 699 1268 ἑταιρίσσαι
728 1211 796 1253 καὶ
827 1213 860 1253 τ’
881 1208 1026 1257 ἔκλυες
1053 1207 1093 1268 ᾦ
1122 1226 1146 1252 κ
1166 1207 1407 1269 ’ἐθέλησθα.
1438 1208 1669 1254 Mercurius
1700 1208 1825 1266 igitur
1854 1209 1889 1253 si
1910 1210 2001 1253 Jovi
2032 1209 2156 1255 fidem
2190 1210 2600 1270 habemus(eumque

135 1271 236 1323 salsa
273 1277 414 1322 dicere
446 1293 529 1322 non
559 1278 769 1336 convenit)
803 1278 942 1322 animo
973 1278 1201 1322 laetissimo
1233 1277 1470 1321 hominibus
1500 1278 1697 1340 comitem
1728 1293 1823 1322 sese
1854 1277 2041 1337 adiungit
2070 1286 2195 1338 atque
2226 1278 2268 1323 id
2298 1280 2470 1341 quidem
2502 1280 2540 1324 h.
2573 1280 2599 1326 Ι.

134 1353 181 1391 ut
210 1361 279 1390 res
309 1348 573 1408 apertissima
604 1354 729 1408 atque
761 1348 978 1390 notissima
1010 1348 1272 1408 proponitur.
1306 1348 1359 1389 At
1388 1347 1423 1388 si
1453 1361 1541 1389 rem
1573 1347 1808 1389 accuratius
1838 1347 2193 1399 consideraveris,
2214 1348 2369 1391 nullum
2403 1349 2444 1391 in
2476 1349 2600 1390 Iliade

138 1416 259 1458 huius
291 1414 458 1474 benigni
496 1423 621 1478 atque
652 1417 933 1459 misericordis
964 1432 1067 1474 erga
1099 1416 1288 1458 homines
1329 1416 1455 1457 animi
1493 1417 1677 1474 reperies
1716 1418 1966 1473 exemplum.
2026 1418 2137 1468 Quid
2172 1418 2285 1475 quod
2324 1420 2365 1460 in
2395 1418 2599 1475 Odyssea,

137 1488 177 1529 in
207 1504 293 1546 quo
323 1488 508 1530 carmine
539 1487 622 1528 iam
653 1488 820 1529 nuntius
849 1487 963 1529 Jovis
993 1503 1089 1529 esse
1119 1484 1304 1536 videtur,
1334 1483 1439 1528 adeo
1469 1501 1551 1528 non
1582 1484 1787 1530 eiusmodi
1819 1486 1960 1535 officia,
1988 1486 2243 1543 praestando
2273 1485 2523 1538 delectatur,
2557 1495 2602 1531 ut

137 1555 360 1614 Calypsoni
391 1555 597 1614 nymphae
619 1554 797 1599 affirmet
818 1572 1031 1613 nunquam
1064 1572 1110 1598 se
1133 1569 1209 1599 sua
1238 1560 1387 1613 sponte
1418 1559 1576 1598 tantum
1607 1553 1684 1598 iter
1715 1555 2004 1612 ingressurum
2037 1554 2177 1600 fuisse.
2215 1554 2261 1599 In
2283 1553 2405 1600 lliade
2427 1553 2601 1601 deorum

135 1625 279 1669 nuntia
317 1632 382 1670 est
420 1624 517 1676 Iris,
569 1641 679 1685 quae
711 1625 752 1668 in
783 1622 972 1682 Odyssea
1011 1639 1220 1683 nusquam
1253 1629 1630 1674 commemoratur,
1676 1629 1821 1668 contra
1861 1624 1901 1667 in
1942 1623 2022 1669 Od.
2062 1625 2176 1668 Jovis
2215 1623 2409 1669 mandata
2448 1624 2603 1684 perfert

133 1692 384 1749 Mercurius,
414 1693 468 1739 ab
500 1693 682 1739 Hesiodo
714 1697 795 1753 jam
827 1709 980 1753 praeco
1011 1695 1065 1753 **)
1097 1699 1274 1738 vocatur
1305 1691 1491 1736 deorum.
1553 1692 1671 1745 Quae
1703 1692 1923 1737 difficultas
1954 1693 2255 1738 Alexandrinos
2287 1710 2368 1738 non
2402 1694 2528 1752 fugit,
2562 1701 2603 1737 at

135 1779 263 1825 quam
294 1764 556 1824 protulerunt
584 1763 720 1817 λύσιν,
755 1763 853 1807 mihi
884 1778 966 1807 non
995 1762 1229 1824 probarunt
1257 1762 1345 1820 ”“).

340 1836 425 1879 338
464 1833 724 1893 Πηλείωνάδ’
754 1831 930 1875 ἱκέσθαι.
961 1831 1208 1875 Particulam
1240 1832 1472 1876 encliticam
1503 1832 1552 1875 δε
1572 1847 1667 1876 cum
1691 1834 1929 1877 accusativo
1953 1833 2306 1877 substantivorum
2338 1835 2602 1877 coniunctam

135 1903 382 1963 saepissime
414 1903 454 1946 in
486 1901 742 1947 carminibus
773 1902 885 1946 hom.
918 1918 1014 1946 esse
1045 1908 1290 1960 usurpatam
1321 1917 1444 1945 nemo
1476 1901 1651 1958 ignorat.
1685 1904 1761 1946 Cui
1792 1918 1874 1946 non
1905 1903 2074 1946 veniunt
2105 1904 2145 1946 in
2178 1910 2360 1947 mentem
2393 1902 2601 1955 πεδίονδε,

135 1969 322 2024 οἳκονδε,
353 1971 560 2028 δόμονδε,
586 1970 853 2029 μέγαρόνδε,
891 1970 1077 2020 πόλινδε,
1115 1970 1313 2028 φόωσδε,
1342 1970 1615 2025 βουλυτόνδε,
1656 1971 1848 2024 τέλοσδε,
1880 1970 2139 2021 θάνατύνδε,
2173 1972 2366 2029 φόβονδε
2397 1972 2474 2014 alia
2506 1987 2600 2014 sex·

140 2046 283 2095 centa,
312 2056 420 2103 quae
440 2055 689 2085 enumerare
711 2040 913 2084 infinitum
936 2046 1018 2094 est,
1050 2048 1091 2083 at
1113 2054 1209 2084 cum
1231 2040 1437 2083 eiusmodi
1458 2039 1662 2083 vocabulo
1685 2041 1927 2099 particulam
1960 2040 2009 2083 δε
2039 2042 2133 2102 quis
2154 2056 2339 2100 unquam
2361 2042 2601 2084 coniunxit?

344 2110 498 2155 Versus
528 2110 600 2171 qui
631 2110 713 2154 iam
745 2115 975 2169 sequuntur
1005 2110 1228 2153 maximam
1261 2116 1421 2170 partem
1452 2123 1502 2153 ex
1522 2108 1603 2154 od.
1637 2109 1856 2169 depromti.
1890 2111 1942 2154 cf.
1976 2110 2061 2155 ind.
2094 2110 2249 2169 Kochly
2281 2110 2389 2156 delet
2420 2126 2484 2155 vv.
2516 2113 2602 2156 340

140 2182 302 2234 -342,
332 2180 479 2224 retinet
507 2182 605 2226 343.
636 2182 665 2225 4
695 2193 802 2238 quos
832 2194 896 2223 vv.
929 2194 979 2222 ex
1010 2177 1086 2222 Od.
1119 2178 1398 2223 removendos
1429 2194 1520 2222 esse
1552 2187 1695 2223 censet
1724 2182 1762 2228 †.

342 2252 425 2297 351
458 2248 511 2308 δὴ
540 2249 623 2308 γὰρ
654 2250 722 2291 καὶ
752 2248 818 2290 ἐπὶ
848 2248 1011 2307 κνέφας
1039 2246 1170 2308 ἤλυθε
1200 2251 1337 2304 γαῖαν.
1399 2247 1641 2290 Particulam
1674 2264 1757 2307 γαρ
1798 2249 1988 2308 posuisse
2019 2249 2182 2291 videtur
2214 2257 2360 2309 poeta,
2391 2257 2434 2292 ut
2470 2250 2601 2310 expli-

138 2327 276 2372 caret,
309 2334 393 2381 qua
415 2319 468 2363 de
489 2333 618 2363 causa
647 2320 729 2362 iam
750 2333 884 2378 equos
906 2318 1123 2378 mulosque
1153 2333 1205 2361 ex
1236 2318 1360 2362 fluvio
1390 2319 1497 2361 sitim
1529 2318 1683 2361 sac-eret
1713 2319 1946 2378 explentes3
1979 2334 2086 2379 quae
2113 2334 2180 2362 res
2209 2319 2419 2380 quosdam
2440 2327 2602 2362 veteres

138 2390 436 2446 grammaticos
468 2389 628 2430 videtur
658 2387 883 2430 offendisse
912 2389 996 2444 ††).
1059 2389 1101 2428 ln
1131 2402 1215 2429 una
1254 2402 1353 2430 vero
1384 2403 1426 2429 re
1464 2387 1573 2430 hom.
1613 2388 1819 2430 sermonis
1857 2404 1977 2430 usum
2027 2390 2229 2446 neglexit3
2279 2389 2434 2431 etenim
2475 2404 2600 2446 saepe

178 2540 214 2584 ‘)
269 2551 303 2585 p.
328 2540 406 2577 421.
432 2540 479 2575 Es
502 2541 546 2574 ist
568 2541 688 2575 immet·
713 2541 767 2574 ein
793 2540 937 2585 leidiges
963 2539 1123 2574 Gescbtift
1147 2538 1278 2573 uben-att
1303 2538 1512 2573 Verkehrtes
1535 2539 1605 2573 und
1623 2539 1819 2574 Verfehltes
1845 2539 2031 2584 aufspiiren
2056 2551 2099 2573 zu
2125 2540 2268 2582 wollen,
2295 2541 2382 2575 aber
2418 2552 2460 2575 an
2487 2542 2598 2575 einem

270 2610 310 2634 so
335 2598 450 2642 edeln,
474 2600 594 2634 reineu
618 2598 688 2632 und
712 2600 746 2633 in
770 2599 884 2633 seiner
908 2596 1190 2633 Naturwahrheit
1213 2596 1538 2633 unubertrefflichen
1565 2597 1853 2640 Dichterwerke,
1892 2599 1961 2633 wie
1999 2598 2061 2633 das
2098 2597 2201 2633 letzte
2226 2598 2323 2634 Buch
2358 2599 2419 2634 der
2444 2598 2520 2633 nias
2545 2600 2597 2639 ist,

271 2657 366 2692 diese
391 2656 501 2691 Kritik
525 2656 722 2691 auszuuben
747 2657 789 2692 ist
813 2656 900 2691 auch
926 2655 1116 2701 gefahrlich
1141 2656 1195 2689 fur
1220 2656 1287 2690 den
1311 2656 1490 2701 gesundeu
1516 2655 1598 2689 Sinn
1623 2655 1693 2688 und
1719 2657 1774 2690 ein
1798 2657 1913 2689 reines
1939 2656 2082 2691 Urtbeil.

164 2715 221 2760 0⁸]
278 2716 408 2760 The-og.
433 2715 501 2750 939
525 2715 665 2759 κύδιμον
686 2712 814 2763 Ἑομῆν
837 2714 955 2762 κήρυκ’
981 2714 1183 2750 ἀθανάτων.

149 2773 224 2819 ω·)
278 2773 321 2808 cl'.
348 2772 432 2808 Ottr.
457 2772 589 2808 noller.
616 2772 752 2818 Proleg.
778 2774 875 2807 einer
898 2773 992 2807 wiss.
1017 2772 1121 2817 myth.
1146 2783 1179 2818 p.
1194 2772 1273 2809 355.
1299 2772 1345 2807 Es
1368 2773 1411 2805 ist
1434 2771 1527 2805 nicht
1550 2782 1593 2805 zu
1617 2771 1836 2814 vei-konnen,
1850 2773 1931 2807 dass
1957 2773 2017 2808 der
2046 2773 2178 2818 Begriff
2199 2773 2312 2808 dieses
2331 2773 2449 2807 Gottes
2474 2774 2506 2806 in
2533 2773 2597 2806 der

271 2832 309 2866 Il.
333 2833 424 2867 noch
449 2832 597 2866 uberans
621 2832 859 2866 schwankend
883 2833 941 2874 ist,
968 2842 1006 2866 er
1030 2832 1137 2866 heisst
1159 2831 1222 2867 der
1247 2830 1497 2876 Segensreiche
1512 2829 1739 2884 (ἐριούνιος),
1765 2831 1827 2865 der
1854 2831 1967 2866 Geber
1993 2832 2053 2866 des
2080 2832 2211 2875 Guten,
2240 2832 2301 2865 dcr
2325 2831 2440 2866 starke
2458 2832 2593 2875 Argos·
2660 2865 2662 2868 ,

272 2895 438 2932 witmer,
481 2890 543 2923 der
566 2889 715 2934 kraftige
740 2889 901 2934 (σῶκος),
928 2890 1017 2924 auch
1043 2890 1187 2924 werden
1211 2890 1282 2923 ihm
1307 2890 1446 2923 schlaue
1472 2888 1602 2923 Werke
1627 2890 1819 2934 beigelegt,
1846 2890 1929 2923 aber
1954 2890 2139 2933 eigentlich
2168 2891 2293 2924 Diener
2318 2890 2386 2922 und
2414 2890 2501 2923 Bote
2525 2889 2588 2923 des

267 2948 378 2990 Zeus,
403 2948 466 2981 der
489 2948 691 2992 hestandige
716 2947 884 2981 Besteller
909 2949 1023 2982 seiner
1047 2947 1191 2982 Berehle
1215 2949 1258 2981 ist
1282 2958 1320 2981 er
1345 2952 1414 2981 erst
1437 2947 1485 2980 im
1507 2947 1636 2991 spater
1659 2945 1896 2992 gediclzteten
1921 2947 2054 2982 letzten
2082 2945 2184 2982 Bac-lt
2212 2947 2279 2981 der
2305 2945 2349 2981 ll.
2386 2947 2456 2979 und
2483 2947 2592 2980 durch

269 3005 326 3041 die
350 3016 460 3051 gance
486 3004 560 3048 od,
587 3005 629 3039 da
655 3005 715 3038 das
739 3005 950 3050 vieldeutige
976 3005 1132 3039 Beiwort
1155 3005 1341 3052 διάκτορος
1362 3005 1417 3050 (11.
1443 3003 1530 3045 XXI,
1555 3005 1640 3047 497)
1666 3005 1874 3038 schwerlich
1901 3007 2001 3038 einen
2028 3005 2167 3039 Schluss
2192 3005 2418 3047 rechtl'ertigt.
2478 3004 2590 3038 Aliter

269 3064 435 3097 iudicavit
458 3062 497 3097 C.
512 3063 567 3097 Fr.
585 3062 823 3106 Naegelsbach
850 3062 941 3096 hom.
957 3061 1078 3096 Theoi.
1102 3061 1131 3096 11
1156 3063 1210 3097 ed.
1225 3073 1258 3105 p.
1275 3063 1352 3097 156.
1378 3062 1518 3096 Hermes
1542 3061 1638 3103 aber,
1665 3062 1727 3097 der
1751 3061 1933 3104 anstellige
1960 3063 2050 3104 Gon,
2075 3063 2137 3098 der
2155 3063 2267 3097 Geber
2291 3063 2352 3097 der
2375 3062 2595 3109 δρηστοσύνῃ

268 3121 358 3156 wird
393 3121 462 3156 wie
486 3121 594 3155 sehon
625 3120 784 3155 bemerkt
807 3119 1032 3165 regelmassig
1056 3131 1098 3154 zu
1122 3120 1265 3155 solchen
1291 3120 1510 3155 Botschal'ten
1534 3119 1756 3164 'gebraucht‚
1796 3120 1850 3154 bei
1885 3121 1996 3155 denen
2035 3120 2190 3166 zugleich
2225 3121 2282 3154 mit
2317 3119 2488 3155 Geschick
2522 3119 2594 3155 und

270 3177 434 3228 Klugheit
458 3183 571 3213 etwas
596 3176 824 3212 auszufuhren
851 3177 937 3212 oder
962 3188 1004 3211 zu
1028 3177 1196 3212 bestellen
1223 3179 1274 3212 ist.
1319 3177 1360 3212 cf.
1388 3189 1421 3222 p.
1451 3177 1526 3213 112.

179 3236 222 3282 †)
270 3246 304 3282 p.
333 3237 376 3272 14
401 3236 444 3271 cf.
468 3235 651 3281 Naegelsb.
678 3236 767 3270 hom.
797 3235 915 3269 Theol.
942 3236 971 3268 11
996 3237 1051 3270 ed.
1077 3247 1111 3280 p.
1140 3237 1215 3271 112.

153 3294 222 3339 ††)
271 3295 308 3329 B.
335 3295 376 3329 Μ.
402 3294 444 3327 nd
470 3295 538 3329 350
563 3295 620 3328 διὰ
645 3295 715 3342 γὰρ
738 3296 778 3329 τὸ
801 3296 936 3334 πένθος
957 3297 1030 3334 τοῖς
1050 3295 1202 3340 κτήνεσιν
1228 3294 1311 3329 οἴκοι
1335 3296 1436 3329 ποτὸν
1461 3295 1520 3328 οὐκ
1546 3296 1720 3329 ἐδίδοσαν.
